4267 6250
1431 498 2027 559 Quasnulwuunmt
2067 501 2315 549 sonmo

3309 474 3426 551 167

332 689 481 735 vero
527 672 915 755 specialibus
964 680 1029 735 et
1068 637 1539 747 secretioribus,
1583 680 1819 755 postea.
1852 672 1904 735 A
1934 673 2033 735 nis
2066 673 2534 756 expulsionem,
2565 682 2630 737 et
2656 674 2781 737 alia
2818 693 2960 757 quae
2995 682 3144 737 sunt
3172 674 3286 749 ibi,
3317 674 3424 737 ha-

330 805 409 816 -
454 771 533 832 Et
582 771 635 833 si
683 779 1025 853 quaeratur,
1066 791 1148 834 an
1197 772 1317 834 ista
1364 772 1701 835 instructio
1746 772 1824 834 ad

334 870 721 933 sacerdotem
752 871 1097 953 pertineat3
1121 870 1825 952 respondendum,quod

332 967 565 1049 triplex
596 976 693 1031 est
722 968 1059 1033 instructio
1098 968 1272 1032 fidei.
1310 970 1443 1032 Una
1478 968 1827 1032 admonito-

335 1067 445 1139 ria,
469 1085 596 1148 qua
624 1067 769 1149 quis
798 1068 879 1129 ad
911 1067 1107 1130 fidem
1140 1068 1549 1129 convertitur.
1587 1067 1664 1129 Et
1690 1066 1826 1130 haec

334 1173 429 1226 est
474 1166 733 1248 propria
776 1166 1199 1239 sacerdotum,
1249 1183 1522 1248 quorum
1570 1173 1667 1229 est
1713 1185 1828 1248 pu-

144 1278 187 1320 n·
214 1279 311 1323 ned.
340 1263 501 1326 blice
538 1265 766 1328 docere
793 1272 859 1327 et
887 1264 1281 1347 praedicare.
1314 1265 1483 1327 unde
1512 1272 1577 1327 et
1605 1264 1664 1328 S.
1690 1264 1829 1327 Dio—

104 1340 283 1386 hiae-v.

106 2561 316 2617 CfiplssA'.

336 1361 553 1444 nysius
606 1363 771 1426 hanc
827 1363 1133 1445 episcopo
1175 1362 1483 1425 attribuit.
1537 1362 1677 1425 Alia
1734 1370 1830 1425 est

337 1461 667 1523 instructio
693 1460 1140 1544 disciplinaliS,
1163 1480 1288 1542 qua
1318 1462 1462 1542 quis
1494 1460 1829 1523 instruitur

336 1559 607 1640 qualiter
632 1558 709 1621 ad
741 1559 1139 1642 Baptismum
1170 1559 1473 1621 accedere
1503 1558 1749 1633 debeat,
1764 1566 1829 1621 et

336 1657 481 1739 quid
512 1658 792 1721 credere.
826 1658 902 1720 Et
940 1657 1075 1721 haec
1104 1658 1382 1740 pertinet
1416 1658 1495 1719 ad
1533 1656 1827 1720 officium

334 1755 681 1829 diaconi,et
708 1773 825 1836 per
854 1772 1249 1837 consequens
1281 1754 1625 1818 sacerdotis
1645 1771 1661 1816 ι
1680 1772 1829 1836 quo-

1933 770 2089 833 bent
2134 771 2531 853 spiritualem
2591 772 3123 855 significationem
3173 781 3234 835 et
3285 792 3422 855 my-

1932 868 2158 931 sticam
2187 870 2520 945 rationem,
2544 871 2710 932 sicut
2737 872 3096 953 expositum
3125 878 3338 933 est.—
3357 869 3422 932 Si
3452 876 3647 933 Cfin¹⁶⁵
3658 877 3718 922 D·-

1933 973 2148 1029 autem
2179 966 2534 1047 objiciatur,
2548 958 2712 1050 quod
2741 968 3129 1031 exorcismus
3159 975 3256 1031 est
3283 985 3426 1030 con-

1934 1071 2031 1127 tra
2078 1083 2563 1146 energumenos,
2615 1067 2724 1130 sed
2779 1084 2906 1129 non
2952 1085 3176 1130 omnes
3222 1067 3426 1149 bapti-

1934 1162 2119 1225 zandi
2168 1170 2319 1225 sunt
2363 1165 2814 1245 energumeni3
2856 1164 3221 1239 dicendum,
3257 1164 3428 1246 quod

1936 1261 2351 1342 energumeni
2395 1261 2697 1324 dicuntur
2739 1263 3006 1326 interius
3047 1262 3427 1338 laboranteS,

1934 1358 2016 1420 ab
2044 1362 2127 1432 ἑν,
2153 1359 2322 1440 quod
2351 1366 2451 1421 est
2479 1360 2566 1434 in,
2601 1367 2665 1421 et
2693 1361 2878 1445 ἔργον,
2905 1360 3098 1424 labor.
3133 1361 3432 1435 Quamvis

1936 1473 2085 1536 ergo
2128 1473 2256 1518 non
2301 1472 2524 1519 omnes
2572 1456 2934 1541 baptizandi
2981 1466 3129 1520 sunt
3171 1478 3434 1540 energu-

1938 1553 2132 1627 meni,
2176 1572 2294 1616 nec
2338 1555 2606 1617 interius
2656 1555 3032 1631 laboranteS,
3075 1557 3258 1639 quasi
3300 1574 3434 1619 cor-

1936 1651 2239 1733 poraliter
2297 1672 2334 1714 a
2399 1653 2798 1717 daemonibus
2863 1654 3095 1729 vexati,
3163 1654 3430 1717 interius

1935 1757 2150 1813 tamen
2213 1750 2499 1814 laborant
2547 1759 2655 1814 aut
2704 1752 3115 1815 infirmantur
3171 1759 3433 1836 propter

334 1854 498 1917 niam
548 1855 859 1937 quidquid
903 1854 1154 1917 diaconi
1196 1862 1313 1929 est,
1356 1861 1452 1917 est
1494 1855 1687 1917 etiam
1735 1874 1825 1917 sa·
1852 1853 1900 1916 B
1937 1848 2181 1912 fomitis
2221 1848 2654 1925 infectionem,
2687 1851 2939 1914 diabolo
2974 1852 3217 1934 aliquid
3257 1858 3431 1935 pote—

336 1953 624 2016 cerdotis.
656 1953 889 2027 Tertia,
913 1973 1055 2036 quae
1084 1954 1374 2035 sequitur
1401 1953 1822 2035 Baptismum,

335 2060 391 2114 et
430 2051 708 2133 pertinet
743 2052 823 2113 ad
868 2051 1266 2114 anadochum
1310 2058 1375 2113 et
1412 2051 1490 2113 ad
1536 2049 1827 2133 praelatos

336 2149 646 2213 Ecclesiae.
698 2149 943 2213 Praelati
1001 2149 1173 2211 enim
1224 2148 1522 2212 Ecclesiae
1569 2166 1827 2229 genera-

338 2248 455 2310 lem
503 2247 742 2311 habent
782 2248 1159 2321 doctrinam,
1192 2266 1335 2329 quae
1378 2266 1494 2329 per
1534 2247 1829 2311 officium

336 2346 640 2409 anadochi
686 2346 767 2408 ad
817 2346 1011 2408 istum
1066 2354 1175 2408 aut
1224 2346 1409 2408 illum
1468 2346 1831 2428 specialiter

336 2446 680 2527 adaptatur.
715 2480 797 2489 —
834 2444 961 2507 Cur
1002 2452 1216 2507 autem
1264 2444 1511 2526 parvuli
1558 2444 1830 2507 catechi-

338 2552 576 2617 zentur,
598 2550 973 2625 praetactum
1002 2550 1115 2605 est.
1140 2542 1322 2605 Nunc
1352 2560 1607 2624 quoque
1637 2561 1831 2624 quan-

338 2644 415 2705 do
461 2649 757 2725 parentes
807 2640 1219 2723 parvulorum
1268 2648 1417 2703 sunt
1464 2640 1827 2716 Christiani,

338 2759 457 2804 non
518 2740 817 2803 imminet
864 2746 1037 2801 tanta
1094 2739 1456 2802 sollicitudo
1504 2739 1830 2803 anadocho

338 2841 499 2903 circa
541 2840 817 2903 levatum
855 2839 934 2901 de
970 2837 1165 2911 fonte,
1200 2839 1367 2900 sicut
1397 2838 1460 2900 in
1502 2838 1827 2919 primitiva

338 2938 634 3011 Ecclesia,
686 2936 941 3019 quando
999 2944 1293 3019 parentes
1347 2937 1714 3019 frequenter
1762 2936 1826 2998 in

336 3036 709 3099 infidelitate
752 3042 1142 3097 manserunt.

405 3136 711 3198 Praeterea
739 3134 1067 3216 quaeritur,
1098 3153 1179 3195 an
1209 3134 1603 3196 exorcismus
1632 3135 1825 3197 etiam

334 3235 722 3316 Baptismum
768 3232 1128 3314 praecedere
1169 3230 1415 3295 debeat.
1449 3232 1528 3294 Et
1569 3250 1828 3314 respon-

334 3332 630 3406 dendum,
665 3332 837 3413 quod
880 3338 1139 3413 propter
1168 3338 1427 3412 peccata
1464 3331 1824 3406 hominum,

334 3431 645 3494 daemones
684 3436 1063 3541 potestatem
1100 3437 1488 3540 acceperunt
1522 3429 1590 3492 in
1624 3429 1827 3493 homi-

336 3549 465 3603 nes,
516 3537 712 3612 atque
764 3529 829 3591 in
878 3528 1093 3592 omnia
1151 3547 1293 3610 quae
1343 3528 1407 3590 in
1456 3529 1827 3592 eorumdem

334 3629 595 3691 xeniunt
654 3646 870 3700 usum,
932 3627 997 3689 in
1058 3635 1519 3690 nocumentum
1581 3645 1822 3690 eorum.

130 3729 667 3809 11c0r.1,Quumque
716 3725 895 3788 nulla
943 3725 1281 3788 conventio
1329 3725 1412 3788 sit
1459 3726 1689 3789 Christi
1749 3729 1827 3790 ad

109 3804 153 3842 15.

336 3825 544 3897 Belial,
576 3824 731 3887 hinc
761 3823 1296 3905 quandocumque
1328 3826 1827 3887 consecrandum

335 3930 427 3985 est
451 3922 696 4004 aliquid
726 3920 805 3983 ad
837 3921 1079 3983 cultum
1113 3921 1427 3996 divinum,
1447 3921 1624 4003 prius
1654 3939 1829 3985 exor-

336 4020 588 4095 cizatur,
632 4026 705 4081 ut
752 4019 1092 4082 liberatum
1136 4039 1173 4082 a
1218 4027 1527 4103 potestate
1566 4020 1824 4093 diaboli,

334 4119 439 4200 qui
487 4119 651 4182 illud
703 4118 771 4180 in
818 4126 1278 4180 nocumentum
1328 4118 1607 4181 hominis
1655 4139 1826 4182 assu-

1936 1949 2113 2011 statis
2162 1948 2229 2010 in
2279 1947 2436 2030 ipsis
2486 1949 2776 2012 habente.
2826 1949 2903 2011 Et
2943 1949 3094 2032 quia
3141 1949 3432 2013 diabolus

1935 2064 2050 2109 nos
2097 2047 2429 2130 impugnat
2471 2048 2552 2111 ab
2597 2049 2767 2111 intus
2811 2056 2875 2111 et
2914 2050 2994 2111 ab
3037 2056 3235 2123 extra,
3267 2067 3434 2131 aqua

1936 2144 2272 2208 benedicta
2334 2146 2663 2209 ordinatur
2723 2154 2942 2209 contra
3003 2147 3432 2229 impugnatio-

1936 2263 2085 2307 nem
2126 2244 2361 2308 diaboli
2399 2244 2479 2306 ab
2511 2245 2831 2320 exteriori,
2863 2246 3259 2308 exorcismus
3292 2262 3437 2308 con-

1937 2352 2033 2407 tra
2076 2343 2625 2426 impugnationem
2670 2343 2809 2423 ejus
2850 2344 2930 2406 ab
2974 2343 3280 2406 interiori.

2018 2443 2305 2524 Insuper,
2359 2441 2530 2505 circa
2587 2442 2924 2506 exorcismi
2984 2442 3292 2506 effectum
3341 2450 3439 2507 est

1938 2540 2176 2622 duplex
2215 2539 2454 2622 opinio.
2491 2540 2643 2614 Una,
2677 2540 2846 2623 quod
2885 2559 2960 2604 ea
2989 2559 3130 2622 quae
3163 2541 3230 2603 in
3261 2558 3437 2604 exor-

1938 2637 2143 2701 cismo
2182 2646 2478 2718 aguntur,
2511 2646 2660 2701 sunt
2701 2646 2950 2701 tantum
2993 2638 3172 2720 signa
3212 2657 3436 2702 eorum

1938 2756 2081 2819 quae
2129 2744 2348 2818 postea
2406 2738 2470 2798 in
2518 2736 2845 2818 Baptismo
2893 2736 3317 2818 complentur,
3369 2737 3437 2799 in

1938 2851 2067 2917 quo
2102 2841 2378 2916 potestas
2418 2834 2724 2897 daemonis
2762 2834 3039 2897 totaliter
3067 2842 3433 2910 evacuatur,

1933 2932 2117 3014 juxta
2161 2932 2320 2994 illud
2357 2933 2423 2994 B.
2461 2932 2754 3015 Cypriani
2791 2949 2806 2994 t
2840 2933 3014 2996 Scias
3054 2933 3290 2997 diaboli
3329 2952 3437 2997 ne·

1856 3035 1899 3099 C
1937 3031 2207 3114 quitiam
2249 3050 2622 3112 permanere
2653 3047 2839 3112 posse
2870 3051 3074 3113 usque
3102 3032 3181 3095 ad
3209 3033 3438 3095 saluta-

1936 3150 2005 3194 re
2047 3131 2391 3212 Baptisma,
2423 3137 2488 3192 et
2528 3130 2595 3191 in
2639 3148 2714 3193 eo
2757 3147 3013 3193 omnem
3060 3139 3435 3213 potestatem

1934 3229 2245 3292 amittere.
2296 3227 2417 3291 Sed
2473 3227 2594 3291 hoc
2653 3237 2750 3291 est
2796 3236 3014 3292 contra
3063 3229 3434 3311 Gregorium

1936 3336 2251 3402 sanctum,
2302 3327 2623 3390 dicentem
2677 3347 2692 3390 :
2746 3326 3049 3390 Sacerdos
3107 3327 3260 3390 dum
3321 3347 3437 3411 per

1936 3426 2273 3490 exorcismi
2308 3426 2576 3507 gratiam
2611 3445 2838 3488 manus
2873 3425 3150 3508 imponit
3178 3427 3437 3490 creden-

1934 3524 2131 3598 tibus,
2167 3531 2230 3586 et
2267 3513 2555 3587 habitare
2598 3524 2662 3586 in
2703 3541 2926 3587 eorum
2967 3523 3266 3587 cordibus
3311 3524 3436 3606 spi-

1937 3625 2096 3686 ritus
2147 3622 2458 3704 malignos
2500 3622 2895 3698 contradicit,
2936 3623 3092 3704 quid
3139 3622 3269 3704 agit
3310 3623 3434 3686 nisi

1936 3721 2248 3786 daemonia
2295 3721 2525 3803 ejicit?
2560 3722 2651 3786 ‚Et
2695 3721 2886 3783 etiam
2946 3727 3042 3783 est
3088 3728 3306 3783 contra
3361 3741 3436 3784 ea

1936 3842 2077 3905 quae
2126 3821 2192 3884 in
2244 3820 2598 3884 exorcismo
2645 3819 2967 3892 dicuntur,
3010 3839 3152 3900 quae
3200 3818 3434 3882 frustra

1937 3922 2322 3994 dicerentur,
2382 3919 2507 3980 nisi
2567 3917 2848 4000 aliquem
2908 3917 3218 3980 haberent
3273 3916 3434 3980 effe-

1936 4027 2112 4081 ctum
2159 4035 2170 4080 :
2216 4017 2566 4100 praesertim
2609 4035 2810 4098 quum
2854 4035 2971 4097 per
3009 4017 3272 4078 modum
3316 4016 3432 4079 im·

1936 4117 2122 4198 perii,
2179 4134 2304 4178 non
2355 4115 2562 4177 solum
2609 4114 2934 4189 orationis,
2975 4113 3269 4180 dicantur
3309 4132 3323 4177 :
3367 4122 3438 4177 ut

337 4237 503 4282 mere
547 4224 817 4301 poterat,
851 4217 981 4279 Deo
1024 4222 1430 4279 consecretur
1464 4237 1479 4280 :
1512 4219 1681 4300 quod
1726 4239 1829 4300 pa·
1857 4224 1906 4286 D
1938 4235 2139 4298 quum
2174 4215 2428 4288 dicitur,
2462 4214 2623 4296 Ergo
2658 4213 2993 4276 maledicte
3025 4213 3299 4288 diabole,
3333 4214 3435 4276 exi

334 4325 419 4379 tet
446 4318 515 4380 in
550 4315 1029 4380 consecratione
1068 4334 1248 4396 aquae
1281 4322 1345 4376 et
1372 4315 1617 4397 templi.
1652 4317 1828 4380 Unde

333 4435 525 4497 quum
578 4415 789 4497 prima
835 4412 1261 4476 sanctificatio
1302 4431 1428 4495 qua
1470 4413 1659 4476 homo
1702 4415 1829 4478 Deo

332 4520 758 4586 consecratur,
808 4511 893 4574 sit
948 4510 1016 4573 in
1063 4512 1405 4593 Baptismo,
1455 4519 1703 4594 oportet
1759 4520 1831 4576 ut

336 4613 520 4677 homo
576 4610 975 4675 exorcizetur
1032 4611 1235 4674 multo
1290 4610 1435 4692 plus
1493 4630 1682 4693 quam
1739 4610 1829 4673 in-

336 4713 583 4785 feriora,
626 4718 969 4792 antequam
1018 4708 1377 4791 baptizetur
1418 4728 1431 4773 ε
1475 4710 1827 4791 praesertim

334 4830 529 4892 quum
573 4810 641 4870 in
685 4807 945 4870 homine
990 4808 1072 4870 sit
1109 4826 1320 4881 causa,
1354 4815 1571 4890 utpote
1616 4810 1823 4891 culpa,

334 4915 591 4990 propter
617 4923 813 4987 quam
851 4904 918 4966 in
958 4905 1169 4987 ipsum
1211 4912 1275 4967 et
1313 4905 1378 4966 in
1418 4904 1542 4966 alia
1579 4905 1827 4967 daemon

334 5013 707 5087 potestatem
757 5003 1023 5084 accepit.
1070 5001 1329 5083 Hocque
1376 5002 1709 5083 designant
1755 5022 1829 5066 ea

334 5123 481 5192 quie
506 5104 573 5165 in
617 5101 975 5165 exorcismo
1012 5100 1334 5172 dicuntur,
1369 5099 1684 5174 videlicet,
1718 5101 1829 5164 Re-

336 5201 487 5264 cede
514 5201 595 5262 ab
625 5217 725 5273 eo,
756 5199 1005 5272 Satana,
1038 5204 1198 5276 etc.;
1238 5196 1535 5259 similiter
1571 5216 1647 5260 ea
1686 5218 1827 5279 quae

337 5299 429 5361 ibi
465 5298 654 5373 fiunt,
687 5297 841 5380 quia
878 5294 1245 5360 exsufflatio
1282 5295 1572 5376 designat
1600 5295 1827 5359 daemo-

1937 4314 2017 4378 ab
2048 4333 2141 4378 eo.
2163 4313 2404 4376 Idcirco
2435 4312 2798 4388 dicendum,
2824 4312 2994 4395 quod
3023 4312 3265 4395 aliquid
3297 4311 3438 4374 effi-

1939 4412 2140 4487 ciunt,
2184 4412 2352 4474 sicut
2391 4411 2503 4474 alii
2547 4411 2788 4485 dicunt,
2831 4418 2896 4474 et
2941 4427 3068 4473 non
3115 4410 3322 4474 solum
3368 4410 3436 4472 in

1939 4529 2224 4592 corpore,
2249 4511 2360 4573 sed
2392 4511 2545 4572 item
2578 4510 2642 4571 in
2671 4510 2906 4584 anima,
2940 4529 3140 4592 quum
3175 4509 3240 4571 in
3272 4517 3438 4571 utro-

1938 4627 2063 4691 que
2094 4608 2179 4670 sit
2207 4607 2469 4671 infectio
2497 4608 2890 4671 fomitis.Hic
2919 4616 3135 4672 autem
3165 4607 3437 4670 effectus

1938 4715 2034 4769 est
2066 4704 2422 4769 debilitatio
2462 4707 2787 4787 potestatis
2827 4707 3156 4779 daemoniS,
3191 4725 3272 4768 ne
3299 4713 3435 4768 tan-

1936 4813 2075 4868 tum
2127 4802 2329 4886 possit
2370 4802 2435 4864 in
2484 4803 2739 4866 homine
2780 4803 2948 4867 sicut
2987 4811 3155 4876 ante,
3199 4823 3280 4866 ne
3323 4803 3433 4865 Ba-

1939 4904 2247 4987 ptismum
2295 4909 2358 4965 et
2400 4902 2524 4964 alia
2566 4901 2732 4964 bona
2775 4902 2840 4963 in
2887 4902 3025 4984 ipso
3068 4902 3275 4963 valeat
3319 4901 3434 4963 im-

1935 5003 2158 5085 pedire
2193 5019 2206 5063 :
2240 5020 2382 5083 quae
2413 5006 2688 5081 potestas
2719 4999 2784 5060 in
2814 5000 3138 5083 Baptismo
3166 4999 3431 5062 omnino

1934 5100 2241 5172 aufertur,
2274 5097 2811 5180 quemadmodum
2843 5098 3076 5160 Pharao
3106 5099 3283 5180 prius
3315 5097 3429 5160 fla·
3485 5123 3634 5167 Εωα
3654 5139 3732 5169 vu-

1933 5198 2219 5280 gellatus,
2232 5195 2504 5260 deinde
2488 5214 2553 5257 m
2585 5195 2742 5257 mari
2768 5196 2981 5259 Rubro
3003 5197 3260 5258 omnino
3289 5195 3434 5258 sub·
3457 5201 3514 5231 '¹¹¹

1939 5314 2186 5358 mersus
2216 5300 2328 5357 est.
2354 5293 2794 5376 Praepositivus
2821 5300 3035 5355 autem
3065 5291 3240 5368 dixit,
3264 5294 3433 5374 quod
3461 5313 3530 5357 28.

3487 5246 3662 5292 Ibida
3637 5260 3708 5291 xvi
