<?xml version="1.0" encoding="UTF-8"?>
<!DOCTYPE html PUBLIC "-//W3C//DTD XHTML 1.0 Transitional//EN"
    "http://www.w3.org/TR/xhtml1/DTD/xhtml1-transitional.dtd">
<html xmlns="http://www.w3.org/1999/xhtml" xml:lang="en" lang="en">
 <head>
  <title>
</title>
<meta http-equiv="Content-Type" content="text/html;charset=utf-8" />
  <meta name='ocr-system' content='tesseract 3.04.00' />
  <meta name='ocr-capabilities' content='ocr_page ocr_carea ocr_par ocr_line ocrx_word'/>
</head>
<body>
  <div class='ocr_page' id='page_1' title='image "./doctorisecstati04unkngoog_0026.png"; bbox 0 0 4267 6250; ppageno 0'>
   <div class='ocr_carea' id='block_1_1' title="bbox 805 461 3212 539">
    <p class='ocr_par' dir='ltr' id='par_1_1' title="bbox 805 461 3212 539">
     <span class='ocr_line' id='line_1_1' title="bbox 805 461 3212 539; baseline 0.005 -13"><span class='ocrx_word' id='word_1_1' title='bbox 805 531 810 538; x_wconf 65' lang='grc'><em>,</em></span> <span class='ocrx_word' id='word_1_2' title='bbox 851 461 931 527; x_wconf 81' lang='lat'><strong>10</strong></span> <span class='ocrx_word' id='word_1_3' title='bbox 1613 484 1890 531; x_wconf 71' lang='lat' dir='ltr'><strong>ari-roms</strong></span> <span class='ocrx_word' id='word_1_4' title='bbox 1929 484 2397 532; x_wconf 67' lang='lat' dir='ltr'><strong>msrmcrionmr</strong></span> <span class='ocrx_word' id='word_1_5' title='bbox 2436 485 2599 534; x_wconf 75' lang='lat' dir='ltr'><strong>mam</strong></span> <span class='ocrx_word' id='word_1_6' title='bbox 2641 488 2703 534; x_wconf 76' lang='grc' dir='ltr'><strong>ιν</strong></span> <span class='ocrx_word' id='word_1_7' title='bbox 2746 488 3212 539; x_wconf 69' lang='lat' dir='ltr'><strong>saurim-unuin</strong></span> 
     </span>
    </p>
   </div>
   <div class='ocr_carea' id='block_1_2' title="bbox 849 652 2433 731">
    <p class='ocr_par' dir='ltr' id='par_1_2' title="bbox 849 652 2433 731">
     <span class='ocr_line' id='line_1_2' title="bbox 849 652 2433 731; baseline 0.004 -19"><span class='ocrx_word' id='word_1_8' title='bbox 849 652 914 712; x_wconf 92' lang='lat' dir='ltr'><strong>in</strong></span> <span class='ocrx_word' id='word_1_9' title='bbox 954 671 1068 728; x_wconf 91' lang='lat' dir='ltr'><strong>quo</strong></span> <span class='ocrx_word' id='word_1_10' title='bbox 1105 660 1165 713; x_wconf 87' lang='lat' dir='ltr'><strong>et</strong></span> <span class='ocrx_word' id='word_1_11' title='bbox 1198 657 1416 715; x_wconf 85' lang='lat' dir='ltr'><strong>nedum</strong></span> <span class='ocrx_word' id='word_1_12' title='bbox 1461 655 1664 731; x_wconf 62' lang='lat' dir='ltr'><strong>gratiae</strong></span> <span class='ocrx_word' id='word_1_13' title='bbox 1701 660 1757 715; x_wconf 90' lang='lat' dir='ltr'><strong>et</strong></span> <span class='ocrx_word' id='word_1_14' title='bbox 1791 657 2021 715; x_wconf 78' lang='lat' dir='ltr'><strong>virtutis</strong></span> <span class='ocrx_word' id='word_1_15' title='bbox 2058 657 2357 716; x_wconf 72' lang='lat' dir='ltr'><strong>confertur</strong></span> <span class='ocrx_word' id='word_1_16' title='bbox 2379 654 2433 720; x_wconf 87' lang='grc' dir='ltr'><strong>Α</strong></span> 
     </span>
    </p>
   </div>
   <div class='ocr_carea' id='block_1_3' title="bbox 851 746 2357 1810">
    <p class='ocr_par' dir='ltr' id='par_1_3' title="bbox 851 746 2357 1810">
     <span class='ocr_line' id='line_1_3' title="bbox 851 746 2356 821; baseline 0.003 -21"><span class='ocrx_word' id='word_1_17' title='bbox 851 748 1258 819; x_wconf 81' lang='lat' dir='ltr'><strong>augmentum,</strong></span> <span class='ocrx_word' id='word_1_18' title='bbox 1289 749 1392 804; x_wconf 88' lang='lat' dir='ltr'><strong>sed</strong></span> <span class='ocrx_word' id='word_1_19' title='bbox 1429 749 1488 805; x_wconf 88' lang='lat' dir='ltr'><strong>et</strong></span> <span class='ocrx_word' id='word_1_20' title='bbox 1525 746 1782 806; x_wconf 81' lang='lat' dir='ltr'><strong>sumitur</strong></span> <span class='ocrx_word' id='word_1_21' title='bbox 1823 748 1920 806; x_wconf 90' lang='lat' dir='ltr'><strong>ille</strong></span> <span class='ocrx_word' id='word_1_22' title='bbox 1958 747 2058 821; x_wconf 91' lang='lat' dir='ltr'><strong>qui</strong></span> <span class='ocrx_word' id='word_1_23' title='bbox 2100 748 2231 805; x_wconf 84' lang='lat' dir='ltr'><strong>sons</strong></span> <span class='ocrx_word' id='word_1_24' title='bbox 2268 751 2356 806; x_wconf 87' lang='lat' dir='ltr'><strong>est</strong></span> 
     </span>
     <span class='ocr_line' id='line_1_4' title="bbox 853 835 2357 912; baseline 0.002 -19"><span class='ocrx_word' id='word_1_25' title='bbox 853 839 910 893; x_wconf 91' lang='lat' dir='ltr'><strong>et</strong></span> <span class='ocrx_word' id='word_1_26' title='bbox 947 835 1110 909; x_wconf 81' lang='lat' dir='ltr'><strong>origo</strong></span> <span class='ocrx_word' id='word_1_27' title='bbox 1150 836 1516 910; x_wconf 82' lang='lat' dir='ltr'><strong>gratiarum:</strong></span> <span class='ocrx_word' id='word_1_28' title='bbox 1543 837 1670 903; x_wconf 91' lang='lat' dir='ltr'><strong>hoc,</strong></span> <span class='ocrx_word' id='word_1_29' title='bbox 1713 837 1978 911; x_wconf 83' lang='lat' dir='ltr'><strong>inquam,</strong></span> <span class='ocrx_word' id='word_1_30' title='bbox 2010 838 2067 895; x_wconf 89' lang='lat' dir='ltr'><strong>in</strong></span> <span class='ocrx_word' id='word_1_31' title='bbox 2101 837 2229 912; x_wconf 81' lang='lat' dir='ltr'><strong>lege</strong></span> <span class='ocrx_word' id='word_1_32' title='bbox 2264 855 2357 896; x_wconf 78' lang='lat' dir='ltr'><strong>ve·</strong></span> 
     </span>
     <span class='ocr_line' id='line_1_5' title="bbox 851 926 2354 1002; baseline 0.003 -19"><span class='ocrx_word' id='word_1_33' title='bbox 851 926 961 983; x_wconf 89' lang='lat' dir='ltr'><strong>teri</strong></span> <span class='ocrx_word' id='word_1_34' title='bbox 1007 926 1256 1000; x_wconf 81' lang='lat' dir='ltr'><strong>figuram</strong></span> <span class='ocrx_word' id='word_1_35' title='bbox 1307 927 1513 984; x_wconf 87' lang='lat' dir='ltr'><strong>hahuit</strong></span> <span class='ocrx_word' id='word_1_36' title='bbox 1553 945 1792 995; x_wconf 89' lang='lat' dir='ltr'><strong>manna,</strong></span> <span class='ocrx_word' id='word_1_37' title='bbox 1824 931 1980 1002; x_wconf 86' lang='lat' dir='ltr'><strong>quod</strong></span> <span class='ocrx_word' id='word_1_38' title='bbox 2022 929 2082 986; x_wconf 88' lang='lat' dir='ltr'><strong>in</strong></span> <span class='ocrx_word' id='word_1_39' title='bbox 2127 931 2354 987; x_wconf 88' lang='lat' dir='ltr'><strong>deserto</strong></span> 
     </span>
     <span class='ocr_line' id='line_1_6' title="bbox 851 1016 2353 1092; baseline 0.003 -20"><span class='ocrx_word' id='word_1_40' title='bbox 851 1016 1113 1089; x_wconf 88' lang='lat' dir='ltr'><strong>patribus</strong></span> <span class='ocrx_word' id='word_1_41' title='bbox 1151 1017 1302 1075; x_wconf 84' lang='lat' dir='ltr'><strong>Deus</strong></span> <span class='ocrx_word' id='word_1_42' title='bbox 1337 1018 1486 1090; x_wconf 89' lang='lat' dir='ltr'><strong>pluit</strong></span> <span class='ocrx_word' id='word_1_43' title='bbox 1521 1022 1652 1092; x_wconf 82' lang='lat' dir='ltr'><strong>post</strong></span> <span class='ocrx_word' id='word_1_44' title='bbox 1685 1019 1998 1077; x_wconf 76' lang='lat' dir='ltr'><strong>transitum</strong></span> <span class='ocrx_word' id='word_1_45' title='bbox 2033 1018 2215 1076; x_wconf 90' lang='lat' dir='ltr'><strong>maris</strong></span> <span class='ocrx_word' id='word_1_46' title='bbox 2242 1021 2353 1076; x_wconf 85' lang='lat' dir='ltr'><strong>Ru-</strong></span> 
     </span>
     <span class='ocr_line' id='line_1_7' title="bbox 853 1105 2353 1181; baseline 0.001 -19"><span class='ocrx_word' id='word_1_47' title='bbox 853 1105 962 1170; x_wconf 85' lang='lat' dir='ltr'><strong>bri,</strong></span> <span class='ocrx_word' id='word_1_48' title='bbox 994 1123 1097 1180; x_wconf 89' lang='lat' dir='ltr'><strong>per</strong></span> <span class='ocrx_word' id='word_1_49' title='bbox 1133 1123 1310 1178; x_wconf 87' lang='lat' dir='ltr'><strong>quem</strong></span> <span class='ocrx_word' id='word_1_50' title='bbox 1340 1107 1675 1179; x_wconf 80' lang='lat' dir='ltr'><strong>Baptismus</strong></span> <span class='ocrx_word' id='word_1_51' title='bbox 1712 1111 1800 1164; x_wconf 88' lang='lat' dir='ltr'><strong>est</strong></span> <span class='ocrx_word' id='word_1_52' title='bbox 1835 1107 2147 1181; x_wconf 80' lang='lat' dir='ltr'><strong>figuratus;</strong></span> <span class='ocrx_word' id='word_1_53' title='bbox 2176 1125 2353 1181; x_wconf 86' lang='lat' dir='ltr'><strong>quem</strong></span> 
     </span>
     <span class='ocr_line' id='line_1_8' title="bbox 851 1195 2351 1269; baseline 0.002 -19"><span class='ocrx_word' id='word_1_54' title='bbox 851 1196 1050 1250; x_wconf 89' lang='lat' dir='ltr'><strong>tamen</strong></span> <span class='ocrx_word' id='word_1_55' title='bbox 1096 1195 1463 1252; x_wconf 84' lang='lat' dir='ltr'><strong>Eucharistia</strong></span> <span class='ocrx_word' id='word_1_56' title='bbox 1506 1196 1799 1268; x_wconf 80' lang='lat' dir='ltr'><strong>proecellit‚</strong></span> <span class='ocrx_word' id='word_1_57' title='bbox 1850 1213 1954 1269; x_wconf 89' lang='lat' dir='ltr'><strong>per</strong></span> <span class='ocrx_word' id='word_1_58' title='bbox 1996 1196 2351 1254; x_wconf 85' lang='lat' dir='ltr'><strong>oblationem</strong></span> 
     </span>
     <span class='ocr_line' id='line_1_9' title="bbox 853 1283 2354 1358; baseline 0.002 -18"><span class='ocrx_word' id='word_1_59' title='bbox 853 1283 1030 1340; x_wconf 89' lang='lat' dir='ltr'><strong>etiam</strong></span> <span class='ocrx_word' id='word_1_60' title='bbox 1075 1284 1498 1342; x_wconf 82' lang='lat' dir='ltr'><strong>Melchisedech</strong></span> <span class='ocrx_word' id='word_1_61' title='bbox 1545 1286 1810 1358; x_wconf 80' lang='lat' dir='ltr'><strong>figurata.</strong></span> <span class='ocrx_word' id='word_1_62' title='bbox 1857 1288 1958 1344; x_wconf 89' lang='lat' dir='ltr'><strong>Est</strong></span> <span class='ocrx_word' id='word_1_63' title='bbox 2001 1289 2195 1346; x_wconf 89' lang='lat' dir='ltr'><strong>autem</strong></span> <span class='ocrx_word' id='word_1_64' title='bbox 2243 1289 2354 1343; x_wconf 89' lang='lat' dir='ltr'><strong>Eu-</strong></span> 
     </span>
     <span class='ocr_line' id='line_1_10' title="bbox 854 1373 2356 1435; baseline 0.003 -5"><span class='ocrx_word' id='word_1_65' title='bbox 854 1373 1134 1432; x_wconf 78' lang='lat' dir='ltr'><strong>charistIa</strong></span> <span class='ocrx_word' id='word_1_66' title='bbox 1179 1374 1444 1433; x_wconf 87' lang='lat' dir='ltr'><strong>instituta</strong></span> <span class='ocrx_word' id='word_1_67' title='bbox 1485 1393 1520 1432; x_wconf 86' lang='lat' dir='ltr'><strong>a</strong></span> <span class='ocrx_word' id='word_1_68' title='bbox 1557 1377 1780 1433; x_wconf 87' lang='lat' dir='ltr'><strong>Christo</strong></span> <span class='ocrx_word' id='word_1_69' title='bbox 1827 1377 1887 1434; x_wconf 92' lang='lat' dir='ltr'><strong>in</strong></span> <span class='ocrx_word' id='word_1_70' title='bbox 1935 1376 2145 1434; x_wconf 88' lang='lat' dir='ltr'><strong>ultima</strong></span> <span class='ocrx_word' id='word_1_71' title='bbox 2188 1394 2356 1435; x_wconf 86' lang='lat' dir='ltr'><strong>coena</strong></span> 
     </span>
     <span class='ocr_line' id='line_1_11' title="bbox 854 1466 2353 1540; baseline 0.002 -21"><span class='ocrx_word' id='word_1_72' title='bbox 854 1467 984 1537; x_wconf 92' lang='lat' dir='ltr'><strong>post</strong></span> <span class='ocrx_word' id='word_1_73' title='bbox 1035 1480 1200 1521; x_wconf 89' lang='lat' dir='ltr'><strong>esum</strong></span> <span class='ocrx_word' id='word_1_74' title='bbox 1257 1466 1392 1538; x_wconf 81' lang='lat' dir='ltr'><strong>agni</strong></span> <span class='ocrx_word' id='word_1_75' title='bbox 1447 1466 1754 1538; x_wconf 88' lang='lat' dir='ltr'><strong>paschalis,</strong></span> <span class='ocrx_word' id='word_1_76' title='bbox 1803 1469 2038 1540; x_wconf 86' lang='lat' dir='ltr'><strong>quando</strong></span> <span class='ocrx_word' id='word_1_77' title='bbox 2094 1467 2353 1524; x_wconf 88' lang='lat' dir='ltr'><strong>Christus</strong></span> 
     </span>
     <span class='ocr_line' id='line_1_12' title="bbox 853 1554 2353 1630; baseline 0.003 -20"><span class='ocrx_word' id='word_1_78' title='bbox 853 1554 1222 1626; x_wconf 71' lang='lat' dir='ltr'><strong>praesentiam</strong></span> <span class='ocrx_word' id='word_1_79' title='bbox 1263 1556 1354 1613; x_wconf 89' lang='lat' dir='ltr'><strong>sui</strong></span> <span class='ocrx_word' id='word_1_80' title='bbox 1393 1557 1751 1629; x_wconf 81' lang='lat' dir='ltr'><strong>corporalem</strong></span> <span class='ocrx_word' id='word_1_81' title='bbox 1780 1557 2066 1614; x_wconf 83' lang='lat' dir='ltr'><strong>visibilem</strong></span> <span class='ocrx_word' id='word_1_82' title='bbox 2099 1557 2353 1630; x_wconf 88' lang='lat' dir='ltr'><strong>discipu-</strong></span> 
     </span>
     <span class='ocr_line' id='line_1_13' title="bbox 853 1643 2354 1713; baseline 0.002 -14"><span class='ocrx_word' id='word_1_83' title='bbox 853 1643 924 1700; x_wconf 82' lang='lat' dir='ltr'><strong>lis</strong></span> <span class='ocrx_word' id='word_1_84' title='bbox 969 1648 1093 1701; x_wconf 89' lang='lat' dir='ltr'><strong>erat</strong></span> <span class='ocrx_word' id='word_1_85' title='bbox 1137 1647 1556 1713; x_wconf 83' lang='lat' dir='ltr'><strong>subtracturus,</strong></span> <span class='ocrx_word' id='word_1_86' title='bbox 1596 1651 1663 1703; x_wconf 94' lang='lat' dir='ltr'><strong>ut</strong></span> <span class='ocrx_word' id='word_1_87' title='bbox 1707 1647 1790 1703; x_wconf 88' lang='lat' dir='ltr'><strong>sic</strong></span> <span class='ocrx_word' id='word_1_88' title='bbox 1835 1648 2141 1704; x_wconf 64' lang='lat' dir='ltr'><strong>memorias</strong></span> <span class='ocrx_word' id='word_1_89' title='bbox 2184 1647 2354 1704; x_wconf 88' lang='lat' dir='ltr'><strong>disci-</strong></span> 
     </span>
     <span class='ocr_line' id='line_1_14' title="bbox 853 1734 2351 1810; baseline 0.001 -18"><span class='ocrx_word' id='word_1_90' title='bbox 853 1734 1126 1806; x_wconf 88' lang='lat' dir='ltr'><strong>pulorum</strong></span> <span class='ocrx_word' id='word_1_91' title='bbox 1173 1736 1390 1793; x_wconf 85' lang='lat' dir='ltr'><strong>arctius</strong></span> <span class='ocrx_word' id='word_1_92' title='bbox 1437 1735 1778 1810; x_wconf 82' lang='lat' dir='ltr'><strong>infigeretur</strong></span> <span class='ocrx_word' id='word_1_93' title='bbox 1815 1753 1831 1794; x_wconf 73' lang='grc' dir='ltr'><strong><em>ε</em></strong></span> <span class='ocrx_word' id='word_1_94' title='bbox 1880 1755 1994 1810; x_wconf 89' lang='lat' dir='ltr'><strong>quo</strong></span> <span class='ocrx_word' id='word_1_95' title='bbox 2041 1740 2098 1794; x_wconf 89' lang='lat' dir='ltr'><strong>et</strong></span> <span class='ocrx_word' id='word_1_96' title='bbox 2141 1737 2351 1794; x_wconf 83' lang='lat' dir='ltr'><strong>veteris</strong></span> 
     </span>
    </p>
   </div>
   <div class='ocr_carea' id='block_1_4' title="bbox 2940 671 3479 739">
    <p class='ocr_par' dir='ltr' id='par_1_4' title="bbox 2940 671 3479 739">
     <span class='ocr_line' id='line_1_15' title="bbox 2940 671 3479 739; baseline 0.006 -5"><span class='ocrx_word' id='word_1_97' title='bbox 2940 671 3367 738; x_wconf 86' lang='lat' dir='ltr'><strong>DISTINCTIO</strong></span> <span class='ocrx_word' id='word_1_98' title='bbox 3408 675 3479 739; x_wconf 87' lang='lat' dir='ltr'><strong>X.</strong></span> 
     </span>
    </p>
   </div>
   <div class='ocr_carea' id='block_1_5' title="bbox 2866 815 3555 894">
    <p class='ocr_par' dir='ltr' id='par_1_5' title="bbox 2866 815 3555 894">
     <span class='ocr_line' id='line_1_16' title="bbox 2866 815 3555 894; baseline 0.007 -16"><span class='ocrx_word' id='word_1_99' title='bbox 2866 815 3027 879; x_wconf 92' lang='lat' dir='ltr'><strong>Sunt</strong></span> <span class='ocrx_word' id='word_1_100' title='bbox 3066 817 3223 880; x_wconf 88' lang='lat' dir='ltr'><strong>item</strong></span> <span class='ocrx_word' id='word_1_101' title='bbox 3264 818 3393 894; x_wconf 88' lang='lat' dir='ltr'><strong>alii,</strong></span> <span class='ocrx_word' id='word_1_102' title='bbox 3434 827 3555 883; x_wconf 87' lang='lat' dir='ltr'><strong>etc.</strong></span> 
     </span>
    </p>
   </div>
   <div class='ocr_carea' id='block_1_6' title="bbox 2460 1012 3967 1810">
    <p class='ocr_par' dir='ltr' id='par_1_6' title="bbox 2583 1012 3966 1093">
     <span class='ocr_line' id='line_1_17' title="bbox 2583 1012 3966 1093; baseline 0.007 -25"><span class='ocrx_word' id='word_1_103' title='bbox 2583 1012 2769 1070; x_wconf 85' lang='lat' dir='ltr'><strong>SANA</strong></span> <span class='ocrx_word' id='word_1_104' title='bbox 2798 1015 2887 1069; x_wconf 84' lang='lat' dir='ltr'><strong>est</strong></span> <span class='ocrx_word' id='word_1_105' title='bbox 2922 1016 2981 1070; x_wconf 91' lang='lat' dir='ltr'><strong>et</strong></span> <span class='ocrx_word' id='word_1_106' title='bbox 3006 1017 3364 1072; x_wconf 84' lang='lat' dir='ltr'><strong>exsecranda</strong></span> <span class='ocrx_word' id='word_1_107' title='bbox 3400 1015 3656 1083; x_wconf 79' lang='lat' dir='ltr'><strong>haeresis,</strong></span> <span class='ocrx_word' id='word_1_108' title='bbox 3686 1035 3805 1090; x_wconf 84' lang='lat' dir='ltr'><strong>qua</strong></span> <span class='ocrx_word' id='word_1_109' title='bbox 3840 1019 3966 1093; x_wconf 86' lang='lat' dir='ltr'><strong>qui-</strong></span> 
     </span>
    </p>

    <p class='ocr_par' dir='ltr' id='par_1_7' title="bbox 2460 1103 3967 1810">
     <span class='ocr_line' id='line_1_18' title="bbox 2560 1103 3964 1178; baseline 0.004 -17"><span class='ocrx_word' id='word_1_110' title='bbox 2560 1107 2698 1161; x_wconf 88' lang='lat' dir='ltr'><strong>dam</strong></span> <span class='ocrx_word' id='word_1_111' title='bbox 2720 1104 2894 1178; x_wconf 87' lang='lat' dir='ltr'><strong>juxta</strong></span> <span class='ocrx_word' id='word_1_112' title='bbox 2918 1103 3011 1162; x_wconf 88' lang='lat' dir='ltr'><strong>sui</strong></span> <span class='ocrx_word' id='word_1_113' title='bbox 3052 1104 3447 1172; x_wconf 89' lang='lat' dir='ltr'><strong>obtusitatem,</strong></span> <span class='ocrx_word' id='word_1_114' title='bbox 3488 1105 3550 1163; x_wconf 96' lang='lat' dir='ltr'><strong>in</strong></span> <span class='ocrx_word' id='word_1_115' title='bbox 3582 1108 3964 1166; x_wconf 84' lang='lat' dir='ltr'><strong>sacramento</strong></span> 
     </span>
     <span class='ocr_line' id='line_1_19' title="bbox 2460 1194 3967 1271; baseline 0.002 -17"><span class='ocrx_word' id='word_1_116' title='bbox 2460 1195 2663 1255; x_wconf 89' lang='lat' dir='ltr'><strong>altaris</strong></span> <span class='ocrx_word' id='word_1_117' title='bbox 2718 1194 2921 1252; x_wconf 88' lang='lat' dir='ltr'><strong>dicunt</strong></span> <span class='ocrx_word' id='word_1_118' title='bbox 2960 1211 3164 1251; x_wconf 79' lang='lat' dir='ltr'><strong>verum</strong></span> <span class='ocrx_word' id='word_1_119' title='bbox 3212 1194 3421 1251; x_wconf 84' lang='lat' dir='ltr'><strong>Christi</strong></span> <span class='ocrx_word' id='word_1_120' title='bbox 3469 1213 3679 1271; x_wconf 90' lang='lat' dir='ltr'><strong>corpus</strong></span> <span class='ocrx_word' id='word_1_121' title='bbox 3730 1199 3967 1257; x_wconf 84' lang='lat' dir='ltr'><strong>realiter</strong></span> 
     </span>
     <span class='ocr_line' id='line_1_20' title="bbox 2462 1284 3967 1359; baseline 0.002 -15"><span class='ocrx_word' id='word_1_122' title='bbox 2462 1303 2580 1344; x_wconf 91' lang='lat' dir='ltr'><strong>non</strong></span> <span class='ocrx_word' id='word_1_123' title='bbox 2610 1284 2915 1348; x_wconf 87' lang='lat' dir='ltr'><strong>contineri,</strong></span> <span class='ocrx_word' id='word_1_124' title='bbox 2944 1285 3049 1342; x_wconf 89' lang='lat' dir='ltr'><strong>sed</strong></span> <span class='ocrx_word' id='word_1_125' title='bbox 3074 1288 3305 1342; x_wconf 88' lang='lat' dir='ltr'><strong>tantum</strong></span> <span class='ocrx_word' id='word_1_126' title='bbox 3336 1289 3821 1359; x_wconf 53' lang='lat' dir='ltr'><strong>repraesentativa</strong></span> <span class='ocrx_word' id='word_1_127' title='bbox 3847 1289 3967 1348; x_wconf 83' lang='lat' dir='ltr'><strong>sru-</strong></span> 
     </span>
     <span class='ocr_line' id='line_1_21' title="bbox 2462 1373 3964 1452; baseline 0.001 -18"><span class='ocrx_word' id='word_1_128' title='bbox 2462 1379 2583 1434; x_wconf 84' lang='lat' dir='ltr'><strong>stra</strong></span> <span class='ocrx_word' id='word_1_129' title='bbox 2618 1374 2933 1432; x_wconf 82' lang='lat' dir='ltr'><strong>innitentes</strong></span> <span class='ocrx_word' id='word_1_130' title='bbox 2970 1373 3023 1431; x_wconf 90' lang='lat' dir='ltr'><strong>ci</strong></span> <span class='ocrx_word' id='word_1_131' title='bbox 3061 1376 3218 1446; x_wconf 87' lang='lat' dir='ltr'><strong>quod</strong></span> <span class='ocrx_word' id='word_1_132' title='bbox 3247 1375 3530 1433; x_wconf 84' lang='lat' dir='ltr'><strong>Dominus</strong></span> <span class='ocrx_word' id='word_1_133' title='bbox 3566 1377 3710 1435; x_wconf 89' lang='lat' dir='ltr'><strong>dicit</strong></span> <span class='ocrx_word' id='word_1_134' title='bbox 3738 1395 3753 1436; x_wconf 75' lang='lat' dir='ltr'><strong>t</strong></span> <span class='ocrx_word' id='word_1_135' title='bbox 3784 1378 3964 1452; x_wconf 87' lang='lat' dir='ltr'><strong>Spiri-</strong></span> 
     </span>
     <span class='ocr_line' id='line_1_22' title="bbox 2460 1463 3966 1541; baseline 0.003 -19"><span class='ocrx_word' id='word_1_136' title='bbox 2460 1469 2555 1523; x_wconf 88' lang='lat' dir='ltr'><strong>tus</strong></span> <span class='ocrx_word' id='word_1_137' title='bbox 2600 1467 2689 1522; x_wconf 87' lang='lat' dir='ltr'><strong>est</strong></span> <span class='ocrx_word' id='word_1_138' title='bbox 2733 1463 3141 1538; x_wconf 80' lang='lat' dir='ltr'><strong>qui‘viviflcat‚</strong></span> <span class='ocrx_word' id='word_1_139' title='bbox 3182 1481 3315 1522; x_wconf 92' lang='lat' dir='ltr'><strong>caro</strong></span> <span class='ocrx_word' id='word_1_140' title='bbox 3363 1482 3479 1523; x_wconf 90' lang='lat' dir='ltr'><strong>non</strong></span> <span class='ocrx_word' id='word_1_141' title='bbox 3520 1469 3758 1541; x_wconf 91' lang='lat' dir='ltr'><strong>prodest</strong></span> <span class='ocrx_word' id='word_1_142' title='bbox 3797 1468 3966 1541; x_wconf 86' lang='lat' dir='ltr'><strong>quid-</strong></span> 
     </span>
     <span class='ocr_line' id='line_1_23' title="bbox 2462 1555 3961 1629; baseline 0.003 -17"><span class='ocrx_word' id='word_1_143' title='bbox 2462 1571 2688 1629; x_wconf 86' lang='lat' dir='ltr'><strong>quam;</strong></span> <span class='ocrx_word' id='word_1_144' title='bbox 2746 1557 2821 1620; x_wconf 90' lang='lat' dir='ltr'><strong>et,</strong></span> <span class='ocrx_word' id='word_1_145' title='bbox 2874 1555 3163 1627; x_wconf 88' lang='lat' dir='ltr'><strong>Pauperes</strong></span> <span class='ocrx_word' id='word_1_146' title='bbox 3218 1571 3451 1627; x_wconf 86' lang='lat' dir='ltr'><strong>semper</strong></span> <span class='ocrx_word' id='word_1_147' title='bbox 3502 1556 3807 1624; x_wconf 88' lang='lat' dir='ltr'><strong>habebitis,</strong></span> <span class='ocrx_word' id='word_1_148' title='bbox 3866 1576 3961 1617; x_wconf 91' lang='lat' dir='ltr'><strong>me</strong></span> 
     </span>
     <span class='ocr_line' id='line_1_24' title="bbox 2461 1644 3959 1716; baseline 0.003 -16"><span class='ocrx_word' id='word_1_149' title='bbox 2461 1648 2657 1702; x_wconf 86' lang='lat' dir='ltr'><strong>autem</strong></span> <span class='ocrx_word' id='word_1_150' title='bbox 2714 1660 2831 1700; x_wconf 94' lang='lat' dir='ltr'><strong>non</strong></span> <span class='ocrx_word' id='word_1_151' title='bbox 2892 1659 3123 1716; x_wconf 86' lang='lat' dir='ltr'><strong>semper</strong></span> <span class='ocrx_word' id='word_1_152' title='bbox 3174 1644 3478 1709; x_wconf 82' lang='lat' dir='ltr'><strong>habebitis,</strong></span> <span class='ocrx_word' id='word_1_153' title='bbox 3531 1648 3639 1702; x_wconf 88' lang='lat' dir='ltr'><strong>etc.</strong></span> <span class='ocrx_word' id='word_1_154' title='bbox 3697 1649 3959 1713; x_wconf 89' lang='lat' dir='ltr'><strong>Quorum</strong></span> 
     </span>
     <span class='ocr_line' id='line_1_25' title="bbox 2460 1733 3965 1810; baseline 0.003 -20"><span class='ocrx_word' id='word_1_155' title='bbox 2460 1733 2652 1808; x_wconf 89' lang='lat' dir='ltr'><strong>primo</strong></span> <span class='ocrx_word' id='word_1_156' title='bbox 2681 1733 2840 1798; x_wconf 87' lang='lat' dir='ltr'><strong>dicit,</strong></span> <span class='ocrx_word' id='word_1_157' title='bbox 2873 1749 3082 1805; x_wconf 88' lang='lat' dir='ltr'><strong>corpus</strong></span> <span class='ocrx_word' id='word_1_158' title='bbox 3108 1750 3283 1790; x_wconf 85' lang='lat' dir='ltr'><strong>suum</strong></span> <span class='ocrx_word' id='word_1_159' title='bbox 3311 1750 3429 1790; x_wconf 91' lang='lat' dir='ltr'><strong>non</strong></span> <span class='ocrx_word' id='word_1_160' title='bbox 3460 1735 3817 1808; x_wconf 88' lang='lat' dir='ltr'><strong>discerptum</strong></span> <span class='ocrx_word' id='word_1_161' title='bbox 3858 1754 3965 1810; x_wconf 90' lang='lat' dir='ltr'><strong>per</strong></span> 
     </span>
    </p>
   </div>
   <div class='ocr_carea' id='block_1_7' title="bbox 851 1819 3964 1899">
    <p class='ocr_par' dir='ltr' id='par_1_8' title="bbox 851 1819 3964 1899">
     <span class='ocr_line' id='line_1_26' title="bbox 851 1819 3964 1899; baseline 0.001 -19"><span class='ocrx_word' id='word_1_162' title='bbox 851 1825 996 1899; x_wconf 82' lang='lat' dir='ltr'><strong>legis</strong></span> <span class='ocrx_word' id='word_1_163' title='bbox 1041 1830 1408 1884; x_wconf 89' lang='lat' dir='ltr'><strong>sacramenta</strong></span> <span class='ocrx_word' id='word_1_164' title='bbox 1449 1826 1935 1886; x_wconf 83' lang='lat' dir='ltr'><strong>terminabantur.</strong></span> <span class='ocrx_word' id='word_1_165' title='bbox 1973 1829 2044 1885; x_wconf 85' lang='lat' dir='ltr'><strong>Et</strong></span> <span class='ocrx_word' id='word_1_166' title='bbox 2087 1827 2197 1885; x_wconf 93' lang='lat' dir='ltr'><strong>hoc</strong></span> <span class='ocrx_word' id='word_1_167' title='bbox 2240 1830 2350 1886; x_wconf 89' lang='lat' dir='ltr'><strong>sub</strong></span> <span class='ocrx_word' id='word_1_168' title='bbox 2378 1819 2425 1882; x_wconf 91' lang='lat' dir='ltr'>B</span> <span class='ocrx_word' id='word_1_169' title='bbox 2460 1827 2653 1898; x_wconf 86' lang='lat' dir='ltr'><strong>partes</strong></span> <span class='ocrx_word' id='word_1_170' title='bbox 2681 1825 3133 1890; x_wconf 87' lang='lat' dir='ltr'><strong>comedendum,</strong></span> <span class='ocrx_word' id='word_1_171' title='bbox 3162 1823 3347 1880; x_wconf 89' lang='lat' dir='ltr'><strong>altero</strong></span> <span class='ocrx_word' id='word_1_172' title='bbox 3380 1828 3580 1882; x_wconf 87' lang='lat' dir='ltr'><strong>autem</strong></span> <span class='ocrx_word' id='word_1_173' title='bbox 3620 1840 3737 1882; x_wconf 89' lang='lat' dir='ltr'><strong>non</strong></span> <span class='ocrx_word' id='word_1_174' title='bbox 3766 1826 3964 1884; x_wconf 80' lang='lat' dir='ltr'><strong>visibi-</strong></span> 
     </span>
    </p>
   </div>
   <div class='ocr_carea' id='block_1_8' title="bbox 847 1916 2352 2974">
    <p class='ocr_par' dir='ltr' id='par_1_9' title="bbox 847 1916 2352 2974">
     <span class='ocr_line' id='line_1_27' title="bbox 850 1916 2352 1991; baseline 0.001 -19"><span class='ocrx_word' id='word_1_175' title='bbox 850 1919 1007 1973; x_wconf 81' lang='lat' dir='ltr'><strong>certa</strong></span> <span class='ocrx_word' id='word_1_176' title='bbox 1041 1917 1352 1974; x_wconf 79' lang='lat' dir='ltr'><strong>verborum</strong></span> <span class='ocrx_word' id='word_1_177' title='bbox 1395 1916 1603 1984; x_wconf 74' lang='lat' dir='ltr'><strong>forma,</strong></span> <span class='ocrx_word' id='word_1_178' title='bbox 1645 1919 1722 1976; x_wconf 89' lang='lat' dir='ltr'><strong>ad</strong></span> <span class='ocrx_word' id='word_1_179' title='bbox 1759 1935 1936 1991; x_wconf 89' lang='lat' dir='ltr'><strong>quam</strong></span> <span class='ocrx_word' id='word_1_180' title='bbox 1981 1919 2084 1975; x_wconf 83' lang='lat' dir='ltr'><strong>fiat</strong></span> <span class='ocrx_word' id='word_1_181' title='bbox 2119 1935 2352 1977; x_wconf 79' lang='lat' dir='ltr'><strong>convcr-</strong></span> 
     </span>
     <span class='ocr_line' id='line_1_28' title="bbox 851 2003 2350 2080; baseline 0.003 -21"><span class='ocrx_word' id='word_1_182' title='bbox 851 2003 938 2060; x_wconf 88' lang='lat' dir='ltr'><strong>sio</strong></span> <span class='ocrx_word' id='word_1_183' title='bbox 993 2005 1158 2077; x_wconf 89' lang='lat' dir='ltr'><strong>panis</strong></span> <span class='ocrx_word' id='word_1_184' title='bbox 1224 2009 1281 2063; x_wconf 88' lang='lat' dir='ltr'><strong>et</strong></span> <span class='ocrx_word' id='word_1_185' title='bbox 1343 2006 1463 2063; x_wconf 79' lang='lat' dir='ltr'><strong>vini</strong></span> <span class='ocrx_word' id='word_1_186' title='bbox 1528 2005 1588 2062; x_wconf 91' lang='lat' dir='ltr'><strong>in</strong></span> <span class='ocrx_word' id='word_1_187' title='bbox 1645 2007 2034 2065; x_wconf 87' lang='lat' dir='ltr'><strong>substantiam</strong></span> <span class='ocrx_word' id='word_1_188' title='bbox 2091 2008 2350 2080; x_wconf 88' lang='lat' dir='ltr'><strong>corporis</strong></span> 
     </span>
     <span class='ocr_line' id='line_1_29' title="bbox 850 2094 2351 2170; baseline 0 -17"><span class='ocrx_word' id='word_1_189' title='bbox 850 2099 908 2153; x_wconf 88' lang='lat' dir='ltr'><strong>et</strong></span> <span class='ocrx_word' id='word_1_190' title='bbox 952 2094 1255 2169; x_wconf 81' lang='lat' dir='ltr'><strong>sanguinis</strong></span> <span class='ocrx_word' id='word_1_191' title='bbox 1309 2095 1418 2153; x_wconf 90' lang='lat' dir='ltr'><strong>sui.</strong></span> <span class='ocrx_word' id='word_1_192' title='bbox 1467 2097 1667 2154; x_wconf 86' lang='lat' dir='ltr'><strong>Cetera</strong></span> <span class='ocrx_word' id='word_1_193' title='bbox 1711 2113 1847 2154; x_wconf 81' lang='lat' dir='ltr'><strong>vero</strong></span> <span class='ocrx_word' id='word_1_194' title='bbox 1895 2113 2026 2170; x_wconf 76' lang='lat' dir='ltr'><strong>quoe</strong></span> <span class='ocrx_word' id='word_1_195' title='bbox 2070 2097 2132 2154; x_wconf 92' lang='lat' dir='ltr'><strong>in</strong></span> <span class='ocrx_word' id='word_1_196' title='bbox 2179 2097 2351 2154; x_wconf 89' lang='lat' dir='ltr'><strong>Missa</strong></span> 
     </span>
     <span class='ocr_line' id='line_1_30' title="bbox 854 2185 2348 2258; baseline 0.001 -16"><span class='ocrx_word' id='word_1_197' title='bbox 854 2185 1148 2247; x_wconf 89' lang='lat' dir='ltr'><strong>dicuntur,</strong></span> <span class='ocrx_word' id='word_1_198' title='bbox 1209 2187 1286 2241; x_wconf 90' lang='lat' dir='ltr'><strong>ad</strong></span> <span class='ocrx_word' id='word_1_199' title='bbox 1343 2185 1546 2242; x_wconf 87' lang='lat' dir='ltr'><strong>laudes</strong></span> <span class='ocrx_word' id='word_1_200' title='bbox 1606 2186 1705 2244; x_wconf 90' lang='lat' dir='ltr'><strong>Dei</strong></span> <span class='ocrx_word' id='word_1_201' title='bbox 1762 2186 2057 2258; x_wconf 87' lang='lat' dir='ltr'><strong>pertinent</strong></span> <span class='ocrx_word' id='word_1_202' title='bbox 2112 2190 2171 2244; x_wconf 91' lang='lat' dir='ltr'><strong>et</strong></span> <span class='ocrx_word' id='word_1_203' title='bbox 2220 2203 2348 2243; x_wconf 90' lang='lat' dir='ltr'><strong>ora-</strong></span> 
     </span>
     <span class='ocr_line' id='line_1_31' title="bbox 851 2274 2345 2348; baseline 0.003 -19"><span class='ocrx_word' id='word_1_204' title='bbox 851 2274 1056 2331; x_wconf 75' lang='lat' dir='ltr'><strong>tioncS.</strong></span> <span class='ocrx_word' id='word_1_205' title='bbox 1108 2275 1226 2330; x_wconf 88' lang='lat' dir='ltr'><strong>Etsi</strong></span> <span class='ocrx_word' id='word_1_206' title='bbox 1283 2279 1477 2332; x_wconf 90' lang='lat' dir='ltr'><strong>autem</strong></span> <span class='ocrx_word' id='word_1_207' title='bbox 1545 2280 1673 2348; x_wconf 89' lang='lat' dir='ltr'><strong>post</strong></span> <span class='ocrx_word' id='word_1_208' title='bbox 1727 2292 1953 2333; x_wconf 85' lang='lat' dir='ltr'><strong>coenam</strong></span> <span class='ocrx_word' id='word_1_209' title='bbox 2011 2276 2345 2334; x_wconf 88' lang='lat' dir='ltr'><strong>institutum</strong></span> 
     </span>
     <span class='ocr_line' id='line_1_32' title="bbox 851 2361 2347 2439; baseline 0.002 -22"><span class='ocrx_word' id='word_1_210' title='bbox 851 2361 926 2417; x_wconf 84' lang='lat' dir='ltr'><strong>sit</strong></span> <span class='ocrx_word' id='word_1_211' title='bbox 982 2363 1092 2419; x_wconf 92' lang='lat' dir='ltr'><strong>hoc</strong></span> <span class='ocrx_word' id='word_1_212' title='bbox 1153 2366 1609 2429; x_wconf 88' lang='lat' dir='ltr'><strong>sacramentum,</strong></span> <span class='ocrx_word' id='word_1_213' title='bbox 1668 2367 1735 2421; x_wconf 92' lang='lat' dir='ltr'><strong>ut</strong></span> <span class='ocrx_word' id='word_1_214' title='bbox 1785 2367 1985 2422; x_wconf 86' lang='lat' dir='ltr'><strong>tamen</strong></span> <span class='ocrx_word' id='word_1_215' title='bbox 2046 2381 2082 2421; x_wconf 88' lang='lat' dir='ltr'><strong>a</strong></span> <span class='ocrx_word' id='word_1_216' title='bbox 2125 2365 2347 2439; x_wconf 87' lang='lat' dir='ltr'><strong>jejunis</strong></span> 
     </span>
     <span class='ocr_line' id='line_1_33' title="bbox 851 2452 2349 2516; baseline 0.003 -10"><span class='ocrx_word' id='word_1_217' title='bbox 851 2454 1137 2516; x_wconf 77' lang='lat' dir='ltr'><strong>sumatur,</strong></span> <span class='ocrx_word' id='word_1_218' title='bbox 1194 2452 1267 2508; x_wconf 92' lang='lat' dir='ltr'><strong>ob</strong></span> <span class='ocrx_word' id='word_1_219' title='bbox 1329 2452 1416 2509; x_wconf 81' lang='lat' dir='ltr'><strong>sui</strong></span> <span class='ocrx_word' id='word_1_220' title='bbox 1473 2452 1859 2510; x_wconf 85' lang='lat' dir='ltr'><strong>reverentiam</strong></span> <span class='ocrx_word' id='word_1_221' title='bbox 1925 2454 2349 2511; x_wconf 87' lang='lat' dir='ltr'><strong>rationabiliter</strong></span> 
     </span>
     <span class='ocr_line' id='line_1_34' title="bbox 852 2540 2345 2616; baseline 0.002 -19"><span class='ocrx_word' id='word_1_222' title='bbox 852 2541 926 2597; x_wconf 91' lang='lat' dir='ltr'><strong>ab</strong></span> <span class='ocrx_word' id='word_1_223' title='bbox 971 2540 1228 2598; x_wconf 89' lang='lat' dir='ltr'><strong>Ecclesia</strong></span> <span class='ocrx_word' id='word_1_224' title='bbox 1271 2544 1360 2598; x_wconf 89' lang='lat' dir='ltr'><strong>est</strong></span> <span class='ocrx_word' id='word_1_225' title='bbox 1412 2542 1771 2602; x_wconf 85' lang='lat' dir='ltr'><strong>ordinatum.</strong></span> <span class='ocrx_word' id='word_1_226' title='bbox 1822 2545 1883 2599; x_wconf 88' lang='lat' dir='ltr'><strong>ln</strong></span> <span class='ocrx_word' id='word_1_227' title='bbox 1937 2561 2052 2616; x_wconf 85' lang='lat' dir='ltr'><strong>quo</strong></span> <span class='ocrx_word' id='word_1_228' title='bbox 2103 2544 2345 2616; x_wconf 87' lang='lat' dir='ltr'><strong>quidem</strong></span> 
     </span>
     <span class='ocr_line' id='line_1_35' title="bbox 849 2631 2344 2697; baseline 0.003 -11"><span class='ocrx_word' id='word_1_229' title='bbox 849 2635 1218 2688; x_wconf 87' lang='lat' dir='ltr'><strong>sacramento</strong></span> <span class='ocrx_word' id='word_1_230' title='bbox 1281 2631 1395 2687; x_wconf 89' lang='lat' dir='ltr'><strong>tria</strong></span> <span class='ocrx_word' id='word_1_231' title='bbox 1460 2636 1547 2688; x_wconf 88' lang='lat' dir='ltr'><strong>est</strong></span> <span class='ocrx_word' id='word_1_232' title='bbox 1609 2634 1998 2697; x_wconf 87' lang='lat' dir='ltr'><strong>considerare,</strong></span> <span class='ocrx_word' id='word_1_233' title='bbox 2063 2633 2284 2691; x_wconf 88' lang='lat' dir='ltr'><strong>scilicet</strong></span> <span class='ocrx_word' id='word_1_234' title='bbox 2330 2651 2344 2690; x_wconf 90' lang='lat'>:</span> 
     </span>
     <span class='ocr_line' id='line_1_36' title="bbox 847 2721 2348 2795; baseline 0 -17"><span class='ocrx_word' id='word_1_235' title='bbox 847 2723 1282 2778; x_wconf 82' lang='lat' dir='ltr'><strong>sacramentum</strong></span> <span class='ocrx_word' id='word_1_236' title='bbox 1340 2723 1589 2786; x_wconf 82' lang='lat' dir='ltr'><strong>tantum,</strong></span> <span class='ocrx_word' id='word_1_237' title='bbox 1640 2723 1798 2794; x_wconf 86' lang='lat' dir='ltr'><strong>quod</strong></span> <span class='ocrx_word' id='word_1_238' title='bbox 1853 2725 1940 2779; x_wconf 90' lang='lat' dir='ltr'><strong>est</strong></span> <span class='ocrx_word' id='word_1_239' title='bbox 1985 2721 2205 2794; x_wconf 86' lang='lat' dir='ltr'><strong>species</strong></span> <span class='ocrx_word' id='word_1_240' title='bbox 2248 2739 2348 2795; x_wconf 91' lang='lat' dir='ltr'><strong>pa-</strong></span> 
     </span>
     <span class='ocr_line' id='line_1_37' title="bbox 850 2809 2351 2884; baseline 0.001 -18"><span class='ocrx_word' id='word_1_241' title='bbox 850 2810 942 2866; x_wconf 89' lang='lat' dir='ltr'><strong>nis</strong></span> <span class='ocrx_word' id='word_1_242' title='bbox 979 2813 1037 2867; x_wconf 90' lang='lat' dir='ltr'><strong>et</strong></span> <span class='ocrx_word' id='word_1_243' title='bbox 1079 2809 1242 2876; x_wconf 83' lang='lat' dir='ltr'><strong>vini;</strong></span> <span class='ocrx_word' id='word_1_244' title='bbox 1287 2813 1724 2868; x_wconf 89' lang='lat' dir='ltr'><strong>sacramentum</strong></span> <span class='ocrx_word' id='word_1_245' title='bbox 1773 2815 1830 2868; x_wconf 92' lang='lat' dir='ltr'><strong>et</strong></span> <span class='ocrx_word' id='word_1_246' title='bbox 1871 2829 2018 2878; x_wconf 88' lang='lat' dir='ltr'><strong>rem,</strong></span> <span class='ocrx_word' id='word_1_247' title='bbox 2059 2814 2217 2884; x_wconf 89' lang='lat' dir='ltr'><strong>quod</strong></span> <span class='ocrx_word' id='word_1_248' title='bbox 2262 2816 2351 2869; x_wconf 90' lang='lat' dir='ltr'><strong>est</strong></span> 
     </span>
     <span class='ocr_line' id='line_1_38' title="bbox 852 2899 2346 2974; baseline 0.002 -18"><span class='ocrx_word' id='word_1_249' title='bbox 852 2917 1061 2972; x_wconf 87' lang='lat' dir='ltr'><strong>corpus</strong></span> <span class='ocrx_word' id='word_1_250' title='bbox 1107 2899 1315 2956; x_wconf 87' lang='lat' dir='ltr'><strong>Christi</strong></span> <span class='ocrx_word' id='word_1_251' title='bbox 1356 2917 1592 2968; x_wconf 79' lang='lat' dir='ltr'><strong>verum3</strong></span> <span class='ocrx_word' id='word_1_252' title='bbox 1637 2904 1692 2957; x_wconf 88' lang='lat' dir='ltr'><strong>et</strong></span> <span class='ocrx_word' id='word_1_253' title='bbox 1735 2918 1858 2958; x_wconf 90' lang='lat' dir='ltr'><strong>rem</strong></span> <span class='ocrx_word' id='word_1_254' title='bbox 1897 2904 2149 2966; x_wconf 88' lang='lat' dir='ltr'><strong>tantum,</strong></span> <span class='ocrx_word' id='word_1_255' title='bbox 2189 2904 2346 2974; x_wconf 90' lang='lat' dir='ltr'><strong>quod</strong></span> 
     </span>
    </p>
   </div>
   <div class='ocr_carea' id='block_1_9' title="bbox 849 2985 2422 3064">
    <p class='ocr_par' dir='ltr' id='par_1_10' title="bbox 849 2985 2422 3064">
     <span class='ocr_line' id='line_1_39' title="bbox 849 2985 2422 3064; baseline 0.003 -19"><span class='ocrx_word' id='word_1_256' title='bbox 849 2994 937 3046; x_wconf 89' lang='lat' dir='ltr'><strong>est</strong></span> <span class='ocrx_word' id='word_1_257' title='bbox 987 2989 1297 3062; x_wconf 79' lang='lat' dir='ltr'><strong>mysticum</strong></span> <span class='ocrx_word' id='word_1_258' title='bbox 1355 3007 1564 3063; x_wconf 89' lang='lat' dir='ltr'><strong>corpus</strong></span> <span class='ocrx_word' id='word_1_259' title='bbox 1617 2990 1880 3064; x_wconf 77' lang='lat' dir='ltr'><strong>eJusdem</strong></span> <span class='ocrx_word' id='word_1_260' title='bbox 1929 2989 2163 3047; x_wconf 88' lang='lat' dir='ltr'><strong>Domini</strong></span> <span class='ocrx_word' id='word_1_261' title='bbox 2212 2991 2344 3049; x_wconf 82' lang='lat' dir='ltr'><strong>Jesu</strong></span> <span class='ocrx_word' id='word_1_262' title='bbox 2378 2985 2422 3049; x_wconf 93' lang='lat' dir='ltr'><strong>C</strong></span> 
     </span>
    </p>
   </div>
   <div class='ocr_carea' id='block_1_10' title="bbox 848 3078 1078 3137">
    <p class='ocr_par' dir='ltr' id='par_1_11' title="bbox 848 3078 1078 3137">
     <span class='ocr_line' id='line_1_40' title="bbox 848 3078 1078 3137; baseline 0.004 -1"><span class='ocrx_word' id='word_1_263' title='bbox 848 3078 1078 3137; x_wconf 85' lang='lat' dir='ltr'><strong>Christi.</strong></span> 
     </span>
    </p>
   </div>
   <div class='ocr_carea' id='block_1_11' title="bbox 851 3195 2342 3335">
    <p class='ocr_par' dir='ltr' id='par_1_12' title="bbox 851 3195 2342 3335">
     <span class='ocr_line' id='line_1_41' title="bbox 851 3195 2342 3262; baseline 0.003 -16"><span class='ocrx_word' id='word_1_264' title='bbox 851 3195 1098 3247; x_wconf 88' lang='lat' dir='ltr'><strong>Contulit</strong></span> <span class='ocrx_word' id='word_1_265' title='bbox 1125 3196 1256 3248; x_wconf 89' lang='lat' dir='ltr'><strong>hinc</strong></span> <span class='ocrx_word' id='word_1_266' title='bbox 1275 3197 1471 3248; x_wconf 84' lang='lat' dir='ltr'><strong>abiens</strong></span> <span class='ocrx_word' id='word_1_267' title='bbox 1492 3200 1773 3262; x_wconf 82' lang='lat' dir='ltr'><strong>proecepta</strong></span> <span class='ocrx_word' id='word_1_268' title='bbox 1797 3198 2044 3250; x_wconf 86' lang='lat' dir='ltr'><strong>salubria</strong></span> <span class='ocrx_word' id='word_1_269' title='bbox 2065 3198 2342 3261; x_wconf 72' lang='lat' dir='ltr'><strong>ChristuS,</strong></span> 
     </span>
     <span class='ocr_line' id='line_1_42' title="bbox 913 3268 2109 3335; baseline 0.003 -18"><span class='ocrx_word' id='word_1_270' title='bbox 913 3268 1174 3333; x_wconf 85' lang='lat' dir='ltr'><strong>Corporis</strong></span> <span class='ocrx_word' id='word_1_271' title='bbox 1207 3268 1508 3320; x_wconf 87' lang='lat' dir='ltr'><strong>instituens</strong></span> <span class='ocrx_word' id='word_1_272' title='bbox 1543 3270 1782 3335; x_wconf 88' lang='lat' dir='ltr'><strong>mystica</strong></span> <span class='ocrx_word' id='word_1_273' title='bbox 1810 3284 1974 3321; x_wconf 87' lang='lat' dir='ltr'><strong>sacra</strong></span> <span class='ocrx_word' id='word_1_274' title='bbox 2003 3270 2109 3322; x_wconf 89' lang='lat' dir='ltr'><strong>sui.</strong></span> 
     </span>
    </p>
   </div>
   <div class='ocr_carea' id='block_1_12' title="bbox 1308 3502 1879 3565">
    <p class='ocr_par' dir='ltr' id='par_1_13' title="bbox 1308 3502 1879 3565">
     <span class='ocr_line' id='line_1_43' title="bbox 1308 3502 1879 3565; baseline -0.002 -1"><span class='ocrx_word' id='word_1_275' title='bbox 1308 3502 1734 3565; x_wconf 87' lang='lat' dir='ltr'><strong>DlSTlNCTlO</strong></span> <span class='ocrx_word' id='word_1_276' title='bbox 1782 3502 1879 3564; x_wconf 89' lang='lat' dir='ltr'><strong>IX.</strong></span> 
     </span>
    </p>
   </div>
   <div class='ocr_carea' id='block_1_13' title="bbox 1104 3662 2086 3739">
    <p class='ocr_par' dir='ltr' id='par_1_14' title="bbox 1104 3662 2086 3739">
     <span class='ocr_line' id='line_1_44' title="bbox 1104 3662 2086 3739; baseline 0.001 -14"><span class='ocrx_word' id='word_1_277' title='bbox 1104 3662 1181 3725; x_wconf 90' lang='lat' dir='ltr'><strong>Et</strong></span> <span class='ocrx_word' id='word_1_278' title='bbox 1223 3664 1389 3725; x_wconf 89' lang='lat' dir='ltr'><strong>sicut</strong></span> <span class='ocrx_word' id='word_1_279' title='bbox 1431 3664 1570 3727; x_wconf 82' lang='lat' dir='ltr'><strong>duae</strong></span> <span class='ocrx_word' id='word_1_280' title='bbox 1614 3670 1762 3726; x_wconf 91' lang='lat' dir='ltr'><strong>sunt</strong></span> <span class='ocrx_word' id='word_1_281' title='bbox 1804 3683 1926 3739; x_wconf 73' lang='lat' dir='ltr'><strong>reS,</strong></span> <span class='ocrx_word' id='word_1_282' title='bbox 1967 3672 2086 3727; x_wconf 87' lang='lat' dir='ltr'><strong>etc.</strong></span> 
     </span>
    </p>
   </div>
   <div class='ocr_carea' id='block_1_14' title="bbox 841 3891 2348 4142">
    <p class='ocr_par' dir='ltr' id='par_1_15' title="bbox 841 3891 2348 4142">
     <span class='ocr_line' id='line_1_45' title="bbox 975 3891 2343 3964; baseline -0.002 -14"><span class='ocrx_word' id='word_1_283' title='bbox 975 3892 1198 3950; x_wconf 85' lang='lat' dir='ltr'><strong>UPLEX</strong></span> <span class='ocrx_word' id='word_1_284' title='bbox 1227 3893 1316 3947; x_wconf 89' lang='lat' dir='ltr'><strong>est</strong></span> <span class='ocrx_word' id='word_1_285' title='bbox 1343 3891 1520 3964; x_wconf 89' lang='lat' dir='ltr'><strong>hujus</strong></span> <span class='ocrx_word' id='word_1_286' title='bbox 1557 3891 1908 3949; x_wconf 88' lang='lat' dir='ltr'><strong>sacramenti</strong></span> <span class='ocrx_word' id='word_1_287' title='bbox 1943 3892 2343 3950; x_wconf 85' lang='lat' dir='ltr'><strong>manducandi</strong></span> 
     </span>
     <span class='ocr_line' id='line_1_46' title="bbox 1001 3979 2348 4054; baseline 0 -18"><span class='ocrx_word' id='word_1_288' title='bbox 1001 3981 1232 4043; x_wconf 87' lang='lat' dir='ltr'><strong>modus,</strong></span> <span class='ocrx_word' id='word_1_289' title='bbox 1274 3979 1774 4037; x_wconf 85' lang='lat' dir='ltr'><strong>sacramentaliter</strong></span> <span class='ocrx_word' id='word_1_290' title='bbox 1818 3980 2039 4038; x_wconf 88' lang='lat' dir='ltr'><strong>scilicet</strong></span> <span class='ocrx_word' id='word_1_291' title='bbox 2080 3985 2139 4038; x_wconf 91' lang='lat' dir='ltr'><strong>et</strong></span> <span class='ocrx_word' id='word_1_292' title='bbox 2182 3981 2348 4054; x_wconf 90' lang='lat' dir='ltr'><strong>spiri-</strong></span> 
     </span>
     <span class='ocr_line' id='line_1_47' title="bbox 841 4068 2345 4142; baseline 0.001 -17"><span class='ocrx_word' id='word_1_293' title='bbox 841 4068 1094 4135; x_wconf 85' lang='lat' dir='ltr'><strong>tualiter,</strong></span> <span class='ocrx_word' id='word_1_294' title='bbox 1129 4068 1348 4140; x_wconf 86' lang='lat' dir='ltr'><strong>duplici</strong></span> <span class='ocrx_word' id='word_1_295' title='bbox 1387 4070 1468 4125; x_wconf 88' lang='lat' dir='ltr'><strong>rei</strong></span> <span class='ocrx_word' id='word_1_296' title='bbox 1509 4069 1690 4140; x_wconf 90' lang='lat' dir='ltr'><strong>ipsius</strong></span> <span class='ocrx_word' id='word_1_297' title='bbox 1729 4071 2205 4142; x_wconf 77' lang='lat' dir='ltr'><strong>correspondenS,</strong></span> <span class='ocrx_word' id='word_1_298' title='bbox 2235 4071 2345 4127; x_wconf 89' lang='lat' dir='ltr'><strong>sci-</strong></span> 
     </span>
    </p>
   </div>
   <div class='ocr_carea' id='block_1_15' title="bbox 2455 1912 3964 2688">
    <p class='ocr_par' dir='ltr' id='par_1_16' title="bbox 2455 1912 3964 2688">
     <span class='ocr_line' id='line_1_48' title="bbox 2458 1912 3964 1974; baseline 0.002 -4"><span class='ocrx_word' id='word_1_299' title='bbox 2458 1913 2591 1971; x_wconf 91' lang='lat' dir='ltr'><strong>liter</strong></span> <span class='ocrx_word' id='word_1_300' title='bbox 2618 1915 2995 1972; x_wconf 89' lang='lat' dir='ltr'><strong>sumendum.</strong></span> <span class='ocrx_word' id='word_1_301' title='bbox 3028 1912 3096 1969; x_wconf 86' lang='lat' dir='ltr'><strong>Hi</strong></span> <span class='ocrx_word' id='word_1_302' title='bbox 3126 1916 3323 1970; x_wconf 90' lang='lat' dir='ltr'><strong>autem</strong></span> <span class='ocrx_word' id='word_1_303' title='bbox 3359 1929 3475 1971; x_wconf 90' lang='lat' dir='ltr'><strong>non</strong></span> <span class='ocrx_word' id='word_1_304' title='bbox 3507 1916 3819 1973; x_wconf 80' lang='lat' dir='ltr'><strong>advertunt</strong></span> <span class='ocrx_word' id='word_1_305' title='bbox 3843 1917 3964 1974; x_wconf 88' lang='lat' dir='ltr'><strong>alia</strong></span> 
     </span>
     <span class='ocr_line' id='line_1_49' title="bbox 2458 2003 3961 2078; baseline 0.001 -16"><span class='ocrx_word' id='word_1_306' title='bbox 2458 2021 2591 2077; x_wconf 80' lang='lat' dir='ltr'><strong>quae</strong></span> <span class='ocrx_word' id='word_1_307' title='bbox 2638 2003 2923 2061; x_wconf 88' lang='lat' dir='ltr'><strong>Dominus</strong></span> <span class='ocrx_word' id='word_1_308' title='bbox 2970 2004 3043 2060; x_wconf 93' lang='lat' dir='ltr'><strong>de</strong></span> <span class='ocrx_word' id='word_1_309' title='bbox 3090 2003 3267 2078; x_wconf 88' lang='lat' dir='ltr'><strong>hujus</strong></span> <span class='ocrx_word' id='word_1_310' title='bbox 3310 2004 3551 2062; x_wconf 80' lang='lat' dir='ltr'><strong>veritate</strong></span> <span class='ocrx_word' id='word_1_311' title='bbox 3604 2009 3961 2066; x_wconf 88' lang='lat' dir='ltr'><strong>sacramenti</strong></span> 
     </span>
     <span class='ocr_line' id='line_1_50' title="bbox 2458 2093 3963 2162; baseline 0.001 -11"><span class='ocrx_word' id='word_1_312' title='bbox 2458 2093 2601 2151; x_wconf 89' lang='lat' dir='ltr'><strong>dicit</strong></span> <span class='ocrx_word' id='word_1_313' title='bbox 2637 2109 2651 2151; x_wconf 91' lang='lat'><strong>:</strong></span> <span class='ocrx_word' id='word_1_314' title='bbox 2692 2094 2835 2150; x_wconf 91' lang='lat' dir='ltr'><strong>Caro</strong></span> <span class='ocrx_word' id='word_1_315' title='bbox 2884 2109 3016 2150; x_wconf 86' lang='lat' dir='ltr'><strong>mea</strong></span> <span class='ocrx_word' id='word_1_316' title='bbox 3058 2110 3189 2150; x_wconf 80' lang='lat' dir='ltr'><strong>vere</strong></span> <span class='ocrx_word' id='word_1_317' title='bbox 3235 2097 3321 2151; x_wconf 91' lang='lat' dir='ltr'><strong>est</strong></span> <span class='ocrx_word' id='word_1_318' title='bbox 3364 2093 3555 2162; x_wconf 87' lang='lat' dir='ltr'><strong>cibus;</strong></span> <span class='ocrx_word' id='word_1_319' title='bbox 3596 2098 3670 2160; x_wconf 87' lang='lat' dir='ltr'><strong>et,</strong></span> <span class='ocrx_word' id='word_1_320' title='bbox 3710 2097 3830 2154; x_wconf 84' lang='lat' dir='ltr'><strong>Hoc</strong></span> <span class='ocrx_word' id='word_1_321' title='bbox 3873 2100 3963 2154; x_wconf 88' lang='lat' dir='ltr'><strong>est</strong></span> 
     </span>
     <span class='ocr_line' id='line_1_51' title="bbox 2458 2183 3960 2257; baseline 0.002 -16"><span class='ocrx_word' id='word_1_322' title='bbox 2458 2200 2667 2257; x_wconf 89' lang='lat' dir='ltr'><strong>corpus</strong></span> <span class='ocrx_word' id='word_1_323' title='bbox 2706 2201 2926 2250; x_wconf 89' lang='lat' dir='ltr'><strong>meum,</strong></span> <span class='ocrx_word' id='word_1_324' title='bbox 2958 2187 3064 2240; x_wconf 89' lang='lat' dir='ltr'><strong>etc.</strong></span> <span class='ocrx_word' id='word_1_325' title='bbox 3094 2184 3239 2240; x_wconf 89' lang='lat' dir='ltr'><strong>Vere</strong></span> <span class='ocrx_word' id='word_1_326' title='bbox 3278 2183 3458 2257; x_wconf 81' lang='lat' dir='ltr'><strong>igitur</strong></span> <span class='ocrx_word' id='word_1_327' title='bbox 3484 2187 3542 2242; x_wconf 90' lang='lat' dir='ltr'><strong>et</strong></span> <span class='ocrx_word' id='word_1_328' title='bbox 3574 2184 3807 2242; x_wconf 89' lang='lat' dir='ltr'><strong>realiter</strong></span> <span class='ocrx_word' id='word_1_329' title='bbox 3834 2203 3960 2244; x_wconf 90' lang='lat' dir='ltr'><strong>cor-</strong></span> 
     </span>
     <span class='ocr_line' id='line_1_52' title="bbox 2456 2273 3961 2347; baseline 0 -15"><span class='ocrx_word' id='word_1_330' title='bbox 2456 2291 2565 2347; x_wconf 91' lang='lat' dir='ltr'><strong>pus</strong></span> <span class='ocrx_word' id='word_1_331' title='bbox 2591 2275 2719 2347; x_wconf 83' lang='lat' dir='ltr'><strong>ejus</strong></span> <span class='ocrx_word' id='word_1_332' title='bbox 2746 2289 2948 2331; x_wconf 83' lang='lat' dir='ltr'><strong>verum</strong></span> <span class='ocrx_word' id='word_1_333' title='bbox 2990 2273 3049 2328; x_wconf 91' lang='lat' dir='ltr'><strong>in</strong></span> <span class='ocrx_word' id='word_1_334' title='bbox 3078 2274 3455 2330; x_wconf 88' lang='lat' dir='ltr'><strong>Sacramento</strong></span> <span class='ocrx_word' id='word_1_335' title='bbox 3494 2273 3839 2341; x_wconf 88' lang='lat' dir='ltr'><strong>continetur,</strong></span> <span class='ocrx_word' id='word_1_336' title='bbox 3871 2276 3961 2332; x_wconf 90' lang='lat' dir='ltr'><strong>in-</strong></span> 
     </span>
     <span class='ocr_line' id='line_1_53' title="bbox 2455 2361 3957 2436; baseline 0.001 -18"><span class='ocrx_word' id='word_1_337' title='bbox 2455 2362 2760 2420; x_wconf 81' lang='lat' dir='ltr'><strong>visibiliter</strong></span> <span class='ocrx_word' id='word_1_338' title='bbox 2784 2367 2981 2420; x_wconf 84' lang='lat' dir='ltr'><strong>tamen</strong></span> <span class='ocrx_word' id='word_1_339' title='bbox 3012 2365 3071 2419; x_wconf 92' lang='lat' dir='ltr'><strong>et</strong></span> <span class='ocrx_word' id='word_1_340' title='bbox 3096 2363 3204 2419; x_wconf 91' lang='lat' dir='ltr'><strong>sub</strong></span> <span class='ocrx_word' id='word_1_341' title='bbox 3234 2361 3535 2434; x_wconf 87' lang='lat' dir='ltr'><strong>speciebus</strong></span> <span class='ocrx_word' id='word_1_342' title='bbox 3564 2363 3732 2436; x_wconf 90' lang='lat' dir='ltr'><strong>panis</strong></span> <span class='ocrx_word' id='word_1_343' title='bbox 3758 2364 3957 2422; x_wconf 82' lang='lat' dir='ltr'><strong>etvini</strong></span> 
     </span>
     <span class='ocr_line' id='line_1_54' title="bbox 2456 2451 3957 2526; baseline 0.001 -18"><span class='ocrx_word' id='word_1_344' title='bbox 2456 2452 2831 2508; x_wconf 88' lang='lat' dir='ltr'><strong>occultatum.</strong></span> <span class='ocrx_word' id='word_1_345' title='bbox 2874 2452 2942 2507; x_wconf 83' lang='lat' dir='ltr'><strong>Et</strong></span> <span class='ocrx_word' id='word_1_346' title='bbox 2986 2451 3086 2524; x_wconf 89' lang='lat' dir='ltr'><strong>qui</strong></span> <span class='ocrx_word' id='word_1_347' title='bbox 3133 2454 3337 2508; x_wconf 89' lang='lat' dir='ltr'><strong>auctor</strong></span> <span class='ocrx_word' id='word_1_348' title='bbox 3380 2454 3468 2508; x_wconf 89' lang='lat' dir='ltr'><strong>est</strong></span> <span class='ocrx_word' id='word_1_349' title='bbox 3512 2452 3807 2520; x_wconf 69' lang='lat' dir='ltr'><strong>muneris,</strong></span> <span class='ocrx_word' id='word_1_350' title='bbox 3834 2453 3957 2526; x_wconf 87' lang='lat' dir='ltr'><strong>ipse</strong></span> 
     </span>
     <span class='ocr_line' id='line_1_55' title="bbox 2455 2540 3957 2615; baseline 0 -17"><span class='ocrx_word' id='word_1_351' title='bbox 2455 2545 2543 2598; x_wconf 89' lang='lat' dir='ltr'><strong>est</strong></span> <span class='ocrx_word' id='word_1_352' title='bbox 2586 2540 2750 2598; x_wconf 89' lang='lat' dir='ltr'><strong>testis</strong></span> <span class='ocrx_word' id='word_1_353' title='bbox 2791 2541 3069 2599; x_wconf 80' lang='lat' dir='ltr'><strong>veritatis.</strong></span> <span class='ocrx_word' id='word_1_354' title='bbox 3114 2542 3280 2607; x_wconf 90' lang='lat' dir='ltr'><strong>Quod</strong></span> <span class='ocrx_word' id='word_1_355' title='bbox 3324 2541 3529 2598; x_wconf 90' lang='lat' dir='ltr'><strong>multis</strong></span> <span class='ocrx_word' id='word_1_356' title='bbox 3573 2543 3857 2615; x_wconf 86' lang='lat' dir='ltr'><strong>exemplis</strong></span> <span class='ocrx_word' id='word_1_357' title='bbox 3899 2547 3957 2600; x_wconf 88' lang='lat' dir='ltr'><strong>et</strong></span> 
     </span>
     <span class='ocr_line' id='line_1_56' title="bbox 2456 2630 3583 2688; baseline 0 -2"><span class='ocrx_word' id='word_1_358' title='bbox 2456 2630 2899 2688; x_wconf 83' lang='lat' dir='ltr'><strong>auctoritatibus</strong></span> <span class='ocrx_word' id='word_1_359' title='bbox 2938 2631 3000 2687; x_wconf 91' lang='lat' dir='ltr'><strong>in</strong></span> <span class='ocrx_word' id='word_1_360' title='bbox 3038 2634 3199 2688; x_wconf 86' lang='lat' dir='ltr'><strong>textu</strong></span> <span class='ocrx_word' id='word_1_361' title='bbox 3239 2631 3583 2688; x_wconf 84' lang='lat' dir='ltr'><strong>ostenditur.</strong></span> 
     </span>
    </p>
   </div>
   <div class='ocr_carea' id='block_1_16' title="bbox 2456 2749 3950 2876">
    <p class='ocr_par' dir='ltr' id='par_1_17' title="bbox 2456 2749 3950 2876">
     <span class='ocr_line' id='line_1_57' title="bbox 2456 2749 3950 2817; baseline 0.001 -14"><span class='ocrx_word' id='word_1_362' title='bbox 2456 2751 2571 2803; x_wconf 91' lang='lat' dir='ltr'><strong>Sub</strong></span> <span class='ocrx_word' id='word_1_363' title='bbox 2596 2751 2781 2816; x_wconf 84' lang='lat' dir='ltr'><strong>specie</strong></span> <span class='ocrx_word' id='word_1_364' title='bbox 2812 2750 2975 2816; x_wconf 84' lang='lat' dir='ltr'><strong>panis</strong></span> <span class='ocrx_word' id='word_1_365' title='bbox 3006 2749 3370 2802; x_wconf 85' lang='lat' dir='ltr'><strong>sanctissima</strong></span> <span class='ocrx_word' id='word_1_366' title='bbox 3398 2750 3648 2803; x_wconf 86' lang='lat' dir='ltr'><strong>membra</strong></span> <span class='ocrx_word' id='word_1_367' title='bbox 3665 2755 3950 2817; x_wconf 83' lang='lat' dir='ltr'><strong>teguntur,</strong></span> 
     </span>
     <span class='ocr_line' id='line_1_58' title="bbox 2518 2823 3688 2876; baseline -0.002 -1"><span class='ocrx_word' id='word_1_368' title='bbox 2518 2825 2587 2875; x_wconf 87' lang='lat' dir='ltr'><strong>Et</strong></span> <span class='ocrx_word' id='word_1_369' title='bbox 2617 2827 2836 2876; x_wconf 86' lang='lat' dir='ltr'><strong>mutata</strong></span> <span class='ocrx_word' id='word_1_370' title='bbox 2864 2837 3029 2875; x_wconf 84' lang='lat' dir='ltr'><strong>sacro</strong></span> <span class='ocrx_word' id='word_1_371' title='bbox 3056 2823 3188 2874; x_wconf 80' lang='lat' dir='ltr'><strong>vina</strong></span> <span class='ocrx_word' id='word_1_372' title='bbox 3216 2836 3413 2875; x_wconf 85' lang='lat' dir='ltr'><strong>cruore</strong></span> <span class='ocrx_word' id='word_1_373' title='bbox 3444 2823 3688 2875; x_wconf 86' lang='lat' dir='ltr'><strong>madent.</strong></span> 
     </span>
    </p>
   </div>
   <div class='ocr_carea' id='block_1_17' title="bbox 2920 3019 3487 3084">
    <p class='ocr_par' dir='ltr' id='par_1_18' title="bbox 2920 3019 3487 3084">
     <span class='ocr_line' id='line_1_59' title="bbox 2920 3019 3487 3084; baseline -0.004 -1"><span class='ocrx_word' id='word_1_374' title='bbox 2920 3019 3348 3084; x_wconf 85' lang='lat' dir='ltr'><strong>DISTINCTIO</strong></span> <span class='ocrx_word' id='word_1_375' title='bbox 3390 3019 3487 3082; x_wconf 91' lang='lat' dir='ltr'><strong>XI.</strong></span> 
     </span>
    </p>
   </div>
   <div class='ocr_carea' id='block_1_18' title="bbox 2774 3164 3626 3247">
    <p class='ocr_par' dir='ltr' id='par_1_19' title="bbox 2774 3164 3626 3247">
     <span class='ocr_line' id='line_1_60' title="bbox 2774 3164 3626 3247; baseline -0.004 -18"><span class='ocrx_word' id='word_1_376' title='bbox 2774 3166 2837 3229; x_wconf 92' lang='lat' dir='ltr'><strong>Si</strong></span> <span class='ocrx_word' id='word_1_377' title='bbox 2881 3172 3095 3227; x_wconf 86' lang='lat' dir='ltr'><strong>autem</strong></span> <span class='ocrx_word' id='word_1_378' title='bbox 3138 3164 3464 3247; x_wconf 85' lang='lat' dir='ltr'><strong>quaeritur,</strong></span> <span class='ocrx_word' id='word_1_379' title='bbox 3506 3170 3626 3227; x_wconf 90' lang='lat' dir='ltr'><strong>etc.</strong></span> 
     </span>
    </p>
   </div>
   <div class='ocr_carea' id='block_1_19' title="bbox 2451 3350 3957 4141">
    <p class='ocr_par' dir='ltr' id='par_1_20' title="bbox 2572 3350 3951 3425">
     <span class='ocr_line' id='line_1_61' title="bbox 2572 3350 3951 3425; baseline 0 -16"><span class='ocrx_word' id='word_1_380' title='bbox 2572 3354 2920 3409; x_wconf 82' lang='lat' dir='ltr'><strong>ONVERSIO</strong></span> <span class='ocrx_word' id='word_1_381' title='bbox 2952 3352 3121 3425; x_wconf 84' lang='lat' dir='ltr'><strong>panis</strong></span> <span class='ocrx_word' id='word_1_382' title='bbox 3160 3351 3220 3408; x_wconf 91' lang='lat' dir='ltr'><strong>in</strong></span> <span class='ocrx_word' id='word_1_383' title='bbox 3256 3369 3465 3424; x_wconf 88' lang='lat' dir='ltr'><strong>corpus</strong></span> <span class='ocrx_word' id='word_1_384' title='bbox 3493 3350 3722 3417; x_wconf 88' lang='lat' dir='ltr'><strong>Christi,</strong></span> <span class='ocrx_word' id='word_1_385' title='bbox 3748 3356 3805 3409; x_wconf 88' lang='lat' dir='ltr'><strong>et</strong></span> <span class='ocrx_word' id='word_1_386' title='bbox 3830 3352 3951 3409; x_wconf 81' lang='lat' dir='ltr'><strong>vini</strong></span> 
     </span>
    </p>

    <p class='ocr_par' dir='ltr' id='par_1_21' title="bbox 2451 3440 3957 4141">
     <span class='ocr_line' id='line_1_62' title="bbox 2594 3440 3953 3516; baseline 0.001 -19"><span class='ocrx_word' id='word_1_387' title='bbox 2594 3443 2652 3498; x_wconf 90' lang='lat' dir='ltr'><strong>in</strong></span> <span class='ocrx_word' id='word_1_388' title='bbox 2700 3442 3048 3515; x_wconf 83' lang='lat' dir='ltr'><strong>sanguinem</strong></span> <span class='ocrx_word' id='word_1_389' title='bbox 3093 3442 3236 3516; x_wconf 87' lang='lat' dir='ltr'><strong>ejus,</strong></span> <span class='ocrx_word' id='word_1_390' title='bbox 3270 3458 3387 3498; x_wconf 91' lang='lat' dir='ltr'><strong>non</strong></span> <span class='ocrx_word' id='word_1_391' title='bbox 3424 3444 3511 3499; x_wconf 91' lang='lat' dir='ltr'><strong>est</strong></span> <span class='ocrx_word' id='word_1_392' title='bbox 3554 3440 3834 3507; x_wconf 80' lang='lat' dir='ltr'><strong>formalis,</strong></span> <span class='ocrx_word' id='word_1_393' title='bbox 3863 3459 3953 3499; x_wconf 88' lang='lat' dir='ltr'><strong>re-</strong></span> 
     </span>
     <span class='ocr_line' id='line_1_63' title="bbox 2454 3530 3956 3604; baseline -0.001 -16"><span class='ocrx_word' id='word_1_394' title='bbox 2454 3532 2828 3589; x_wconf 87' lang='lat' dir='ltr'><strong>manentibus</strong></span> <span class='ocrx_word' id='word_1_395' title='bbox 2857 3530 3389 3604; x_wconf 81' lang='lat' dir='ltr'><strong>praecxsistentibus</strong></span> <span class='ocrx_word' id='word_1_396' title='bbox 3416 3530 3832 3597; x_wconf 86' lang='lat' dir='ltr'><strong>accidentibus,</strong></span> <span class='ocrx_word' id='word_1_397' title='bbox 3848 3532 3956 3589; x_wconf 86' lang='lat' dir='ltr'><strong>sci-</strong></span> 
     </span>
     <span class='ocr_line' id='line_1_64' title="bbox 2454 3619 3953 3694; baseline 0.001 -18"><span class='ocrx_word' id='word_1_398' title='bbox 2454 3620 2589 3678; x_wconf 90' lang='lat' dir='ltr'><strong>licet</strong></span> <span class='ocrx_word' id='word_1_399' title='bbox 2616 3637 2839 3692; x_wconf 90' lang='lat' dir='ltr'><strong>sapore,</strong></span> <span class='ocrx_word' id='word_1_400' title='bbox 2872 3622 3144 3692; x_wconf 89' lang='lat' dir='ltr'><strong>pondere,</strong></span> <span class='ocrx_word' id='word_1_401' title='bbox 3170 3619 3359 3693; x_wconf 81' lang='lat' dir='ltr'><strong>ligura</strong></span> <span class='ocrx_word' id='word_1_402' title='bbox 3386 3623 3446 3678; x_wconf 89' lang='lat' dir='ltr'><strong>et</strong></span> <span class='ocrx_word' id='word_1_403' title='bbox 3472 3620 3689 3687; x_wconf 87' lang='lat' dir='ltr'><strong>colore;</strong></span> <span class='ocrx_word' id='word_1_404' title='bbox 3722 3622 3823 3677; x_wconf 90' lang='lat' dir='ltr'><strong>sed</strong></span> <span class='ocrx_word' id='word_1_405' title='bbox 3854 3638 3953 3694; x_wconf 93' lang='lat' dir='ltr'><strong>po-</strong></span> 
     </span>
     <span class='ocr_line' id='line_1_65' title="bbox 2451 3708 3953 3781; baseline 0.001 -14"><span class='ocrx_word' id='word_1_406' title='bbox 2451 3710 2571 3768; x_wconf 84' lang='lat' dir='ltr'><strong>tius</strong></span> <span class='ocrx_word' id='word_1_407' title='bbox 2629 3708 3029 3767; x_wconf 88' lang='lat' dir='ltr'><strong>substantialis</strong></span> <span class='ocrx_word' id='word_1_408' title='bbox 3083 3726 3118 3765; x_wconf 88' lang='lat' dir='ltr'><strong>a</strong></span> <span class='ocrx_word' id='word_1_409' title='bbox 3171 3708 3524 3781; x_wconf 88' lang='lat' dir='ltr'><strong>quibusdam</strong></span> <span class='ocrx_word' id='word_1_410' title='bbox 3582 3708 3799 3767; x_wconf 90' lang='lat' dir='ltr'><strong>dicitur</strong></span> <span class='ocrx_word' id='word_1_411' title='bbox 3850 3727 3953 3768; x_wconf 89' lang='lat' dir='ltr'><strong>seu</strong></span> 
     </span>
     <span class='ocr_line' id='line_1_66' title="bbox 2452 3798 3955 3872; baseline 0 -15"><span class='ocrx_word' id='word_1_412' title='bbox 2452 3798 3044 3864; x_wconf 83' lang='lat' dir='ltr'><strong>transsubstantiatio,</strong></span> <span class='ocrx_word' id='word_1_413' title='bbox 3095 3816 3161 3857; x_wconf 88' lang='lat' dir='ltr'><strong>eo</strong></span> <span class='ocrx_word' id='word_1_414' title='bbox 3209 3800 3366 3870; x_wconf 86' lang='lat' dir='ltr'><strong>quod</strong></span> <span class='ocrx_word' id='word_1_415' title='bbox 3413 3799 3739 3856; x_wconf 85' lang='lat' dir='ltr'><strong>substantia</strong></span> <span class='ocrx_word' id='word_1_416' title='bbox 3786 3800 3955 3872; x_wconf 85' lang='lat' dir='ltr'><strong>panis</strong></span> 
     </span>
     <span class='ocr_line' id='line_1_67' title="bbox 2452 3887 3957 3961; baseline -0.001 -14"><span class='ocrx_word' id='word_1_417' title='bbox 2452 3895 2510 3947; x_wconf 93' lang='lat' dir='ltr'><strong>et</strong></span> <span class='ocrx_word' id='word_1_418' title='bbox 2545 3889 2665 3946; x_wconf 84' lang='lat' dir='ltr'><strong>vini</strong></span> <span class='ocrx_word' id='word_1_419' title='bbox 2712 3888 2772 3946; x_wconf 90' lang='lat' dir='ltr'><strong>in</strong></span> <span class='ocrx_word' id='word_1_420' title='bbox 2821 3906 3031 3961; x_wconf 88' lang='lat' dir='ltr'><strong>corpus</strong></span> <span class='ocrx_word' id='word_1_421' title='bbox 3075 3892 3134 3945; x_wconf 90' lang='lat' dir='ltr'><strong>et</strong></span> <span class='ocrx_word' id='word_1_422' title='bbox 3176 3887 3524 3961; x_wconf 82' lang='lat' dir='ltr'><strong>sanguinem</strong></span> <span class='ocrx_word' id='word_1_423' title='bbox 3563 3888 3777 3944; x_wconf 87' lang='lat' dir='ltr'><strong>Christi</strong></span> <span class='ocrx_word' id='word_1_424' title='bbox 3824 3906 3957 3946; x_wconf 92' lang='lat' dir='ltr'><strong>con-</strong></span> 
     </span>
     <span class='ocr_line' id='line_1_68' title="bbox 2452 3978 3955 4050; baseline 0 -15"><span class='ocrx_word' id='word_1_425' title='bbox 2452 3983 2775 4037; x_wconf 78' lang='lat' dir='ltr'><strong>vertuntur.</strong></span> <span class='ocrx_word' id='word_1_426' title='bbox 2806 3980 2921 4035; x_wconf 88' lang='lat' dir='ltr'><strong>Nec</strong></span> <span class='ocrx_word' id='word_1_427' title='bbox 2959 3981 3156 4035; x_wconf 89' lang='lat' dir='ltr'><strong>tamen</strong></span> <span class='ocrx_word' id='word_1_428' title='bbox 3198 3978 3309 4033; x_wconf 91' lang='lat' dir='ltr'><strong>hoc</strong></span> <span class='ocrx_word' id='word_1_429' title='bbox 3346 3978 3410 4033; x_wconf 87' lang='lat' dir='ltr'><strong>fit</strong></span> <span class='ocrx_word' id='word_1_430' title='bbox 3448 3994 3552 4050; x_wconf 90' lang='lat' dir='ltr'><strong>per</strong></span> <span class='ocrx_word' id='word_1_431' title='bbox 3588 3994 3799 4035; x_wconf 83' lang='lat' dir='ltr'><strong>novam</strong></span> <span class='ocrx_word' id='word_1_432' title='bbox 3829 3996 3955 4035; x_wconf 90' lang='lat' dir='ltr'><strong>cor-</strong></span> 
     </span>
     <span class='ocr_line' id='line_1_69' title="bbox 2455 4066 3957 4141; baseline -0.001 -16"><span class='ocrx_word' id='word_1_433' title='bbox 2455 4068 2611 4141; x_wconf 87' lang='lat' dir='ltr'><strong>poris</strong></span> <span class='ocrx_word' id='word_1_434' title='bbox 2640 4066 3050 4125; x_wconf 82' lang='lat' dir='ltr'><strong>formationem</strong></span> <span class='ocrx_word' id='word_1_435' title='bbox 3078 4066 3167 4124; x_wconf 80' lang='lat' dir='ltr'><strong>vel</strong></span> <span class='ocrx_word' id='word_1_436' title='bbox 3196 4066 3648 4139; x_wconf 81' lang='lat' dir='ltr'><strong>praeexsistentis</strong></span> <span class='ocrx_word' id='word_1_437' title='bbox 3674 4084 3957 4141; x_wconf 81' lang='lat' dir='ltr'><strong>augmen-</strong></span> 
     </span>
    </p>
   </div>
   <div class='ocr_carea' id='block_1_20' title="bbox 843 4156 3956 4232">
    <p class='ocr_par' dir='ltr' id='par_1_22' title="bbox 843 4156 3956 4232">
     <span class='ocr_line' id='line_1_70' title="bbox 843 4156 3956 4232; baseline -0.001 -17"><span class='ocrx_word' id='word_1_438' title='bbox 843 4158 979 4216; x_wconf 92' lang='lat' dir='ltr'><strong>licet</strong></span> <span class='ocrx_word' id='word_1_439' title='bbox 1006 4158 1234 4230; x_wconf 89' lang='lat' dir='ltr'><strong>corpori</strong></span> <span class='ocrx_word' id='word_1_440' title='bbox 1271 4157 1454 4230; x_wconf 88' lang='lat' dir='ltr'><strong>ipsius</strong></span> <span class='ocrx_word' id='word_1_441' title='bbox 1493 4159 1736 4231; x_wconf 84' lang='lat' dir='ltr'><strong>mystico</strong></span> <span class='ocrx_word' id='word_1_442' title='bbox 1765 4161 1822 4215; x_wconf 87' lang='lat' dir='ltr'><strong>et</strong></span> <span class='ocrx_word' id='word_1_443' title='bbox 1849 4176 2001 4223; x_wconf 84' lang='lat' dir='ltr'><strong>vero,</strong></span> <span class='ocrx_word' id='word_1_444' title='bbox 2033 4162 2104 4216; x_wconf 90' lang='lat' dir='ltr'><strong>de</strong></span> <span class='ocrx_word' id='word_1_445' title='bbox 2133 4160 2345 4232; x_wconf 90' lang='lat' dir='ltr'><strong>quibus</strong></span> <span class='ocrx_word' id='word_1_446' title='bbox 2374 4156 2424 4217; x_wconf 90' lang='lat' dir='ltr'><strong>D</strong></span> <span class='ocrx_word' id='word_1_447' title='bbox 2453 4161 2600 4221; x_wconf 84' lang='lat' dir='ltr'><strong>tum,</strong></span> <span class='ocrx_word' id='word_1_448' title='bbox 2623 4156 2763 4230; x_wconf 87' lang='lat' dir='ltr'><strong>quia</strong></span> <span class='ocrx_word' id='word_1_449' title='bbox 2790 4156 3083 4230; x_wconf 79' lang='lat' dir='ltr'><strong>quantitas</strong></span> <span class='ocrx_word' id='word_1_450' title='bbox 3112 4159 3328 4219; x_wconf 88' lang='lat' dir='ltr'><strong>manet,</strong></span> <span class='ocrx_word' id='word_1_451' title='bbox 3362 4172 3468 4213; x_wconf 89' lang='lat' dir='ltr'><strong>nec</strong></span> <span class='ocrx_word' id='word_1_452' title='bbox 3497 4156 3665 4228; x_wconf 91' lang='lat' dir='ltr'><strong>panis</strong></span> <span class='ocrx_word' id='word_1_453' title='bbox 3692 4172 3754 4215; x_wconf 88' lang='lat' dir='ltr'><strong>se</strong></span> <span class='ocrx_word' id='word_1_454' title='bbox 3780 4158 3956 4215; x_wconf 86' lang='lat' dir='ltr'><strong>habet</strong></span> 
     </span>
    </p>
   </div>
   <div class='ocr_carea' id='block_1_21' title="bbox 842 4247 2349 5199">
    <p class='ocr_par' dir='ltr' id='par_1_23' title="bbox 842 4247 2349 5199">
     <span class='ocr_line' id='line_1_71' title="bbox 844 4247 2346 4321; baseline 0.001 -16"><span class='ocrx_word' id='word_1_455' title='bbox 844 4247 1216 4305; x_wconf 87' lang='lat' dir='ltr'><strong>distinctione</strong></span> <span class='ocrx_word' id='word_1_456' title='bbox 1244 4247 1610 4319; x_wconf 60' lang='lat' dir='ltr'><strong>praecedenti.</strong></span> <span class='ocrx_word' id='word_1_457' title='bbox 1643 4248 1909 4304; x_wconf 88' lang='lat' dir='ltr'><strong>Sumitur</strong></span> <span class='ocrx_word' id='word_1_458' title='bbox 1937 4265 2193 4321; x_wconf 89' lang='lat' dir='ltr'><strong>namque</strong></span> <span class='ocrx_word' id='word_1_459' title='bbox 2222 4267 2346 4306; x_wconf 87' lang='lat' dir='ltr'><strong>cor-</strong></span> 
     </span>
     <span class='ocr_line' id='line_1_72' title="bbox 845 4336 2347 4411; baseline 0.001 -17"><span class='ocrx_word' id='word_1_460' title='bbox 845 4356 954 4411; x_wconf 88' lang='lat' dir='ltr'><strong>pus</strong></span> <span class='ocrx_word' id='word_1_461' title='bbox 980 4336 1216 4394; x_wconf 89' lang='lat' dir='ltr'><strong>Domini</strong></span> <span class='ocrx_word' id='word_1_462' title='bbox 1247 4336 1305 4391; x_wconf 92' lang='lat' dir='ltr'><strong>in</strong></span> <span class='ocrx_word' id='word_1_463' title='bbox 1339 4337 1448 4393; x_wconf 91' lang='lat' dir='ltr'><strong>hoc</strong></span> <span class='ocrx_word' id='word_1_464' title='bbox 1477 4340 1843 4393; x_wconf 86' lang='lat' dir='ltr'><strong>sacramento</strong></span> <span class='ocrx_word' id='word_1_465' title='bbox 1865 4355 1998 4395; x_wconf 79' lang='lat' dir='ltr'><strong>vere</strong></span> <span class='ocrx_word' id='word_1_466' title='bbox 2027 4342 2083 4395; x_wconf 89' lang='lat' dir='ltr'><strong>et</strong></span> <span class='ocrx_word' id='word_1_467' title='bbox 2112 4339 2347 4396; x_wconf 88' lang='lat' dir='ltr'><strong>realiter</strong></span> 
     </span>
     <span class='ocr_line' id='line_1_73' title="bbox 846 4425 2347 4491; baseline 0.001 -7"><span class='ocrx_word' id='word_1_468' title='bbox 846 4445 881 4484; x_wconf 87' lang='lat' dir='ltr'><strong>a</strong></span> <span class='ocrx_word' id='word_1_469' title='bbox 909 4426 1078 4484; x_wconf 90' lang='lat' dir='ltr'><strong>bonis</strong></span> <span class='ocrx_word' id='word_1_470' title='bbox 1113 4430 1170 4484; x_wconf 90' lang='lat' dir='ltr'><strong>et</strong></span> <span class='ocrx_word' id='word_1_471' title='bbox 1210 4425 1402 4491; x_wconf 89' lang='lat' dir='ltr'><strong>malis,</strong></span> <span class='ocrx_word' id='word_1_472' title='bbox 1433 4427 1536 4483; x_wconf 87' lang='lat' dir='ltr'><strong>sed</strong></span> <span class='ocrx_word' id='word_1_473' title='bbox 1567 4444 1602 4483; x_wconf 88' lang='lat' dir='ltr'><strong>a</strong></span> <span class='ocrx_word' id='word_1_474' title='bbox 1635 4426 1808 4483; x_wconf 88' lang='lat' dir='ltr'><strong>malis</strong></span> <span class='ocrx_word' id='word_1_475' title='bbox 1844 4428 2347 4486; x_wconf 85' lang='lat' dir='ltr'><strong>sacramentaliter</strong></span> 
     </span>
     <span class='ocr_line' id='line_1_74' title="bbox 844 4515 2348 4593; baseline 0 -19"><span class='ocrx_word' id='word_1_476' title='bbox 844 4520 1093 4581; x_wconf 82' lang='lat' dir='ltr'><strong>tantum,</strong></span> <span class='ocrx_word' id='word_1_477' title='bbox 1125 4534 1162 4573; x_wconf 88' lang='lat' dir='ltr'><strong>a</strong></span> <span class='ocrx_word' id='word_1_478' title='bbox 1189 4515 1358 4573; x_wconf 85' lang='lat' dir='ltr'><strong>bonis</strong></span> <span class='ocrx_word' id='word_1_479' title='bbox 1396 4517 1898 4574; x_wconf 84' lang='lat' dir='ltr'><strong>sacramentaliter</strong></span> <span class='ocrx_word' id='word_1_480' title='bbox 1933 4518 2109 4577; x_wconf 89' lang='lat' dir='ltr'><strong>simul</strong></span> <span class='ocrx_word' id='word_1_481' title='bbox 2148 4523 2206 4576; x_wconf 85' lang='lat' dir='ltr'><strong>et</strong></span> <span class='ocrx_word' id='word_1_482' title='bbox 2232 4519 2348 4593; x_wconf 88' lang='lat' dir='ltr'><strong>spi-</strong></span> 
     </span>
     <span class='ocr_line' id='line_1_75' title="bbox 843 4606 2347 4679; baseline 0.002 -16"><span class='ocrx_word' id='word_1_483' title='bbox 843 4606 1174 4664; x_wconf 85' lang='lat' dir='ltr'><strong>ritualiter:</strong></span> <span class='ocrx_word' id='word_1_484' title='bbox 1205 4622 1455 4679; x_wconf 88' lang='lat' dir='ltr'><strong>quorum</strong></span> <span class='ocrx_word' id='word_1_485' title='bbox 1498 4606 1725 4678; x_wconf 89' lang='lat' dir='ltr'><strong>primus</strong></span> <span class='ocrx_word' id='word_1_486' title='bbox 1763 4608 2026 4664; x_wconf 89' lang='lat' dir='ltr'><strong>consistit</strong></span> <span class='ocrx_word' id='word_1_487' title='bbox 2055 4608 2114 4665; x_wconf 91' lang='lat' dir='ltr'><strong>in</strong></span> <span class='ocrx_word' id='word_1_488' title='bbox 2154 4626 2347 4667; x_wconf 88' lang='lat' dir='ltr'><strong>susce-</strong></span> 
     </span>
     <span class='ocr_line' id='line_1_76' title="bbox 845 4694 2349 4770; baseline 0.003 -20"><span class='ocrx_word' id='word_1_489' title='bbox 845 4695 1040 4770; x_wconf 88' lang='lat' dir='ltr'><strong>ptione</strong></span> <span class='ocrx_word' id='word_1_490' title='bbox 1092 4695 1274 4768; x_wconf 88' lang='lat' dir='ltr'><strong>ipsius</strong></span> <span class='ocrx_word' id='word_1_491' title='bbox 1329 4695 1437 4750; x_wconf 89' lang='lat' dir='ltr'><strong>sub</strong></span> <span class='ocrx_word' id='word_1_492' title='bbox 1490 4694 1702 4753; x_wconf 78' lang='lat' dir='ltr'><strong>visibili</strong></span> <span class='ocrx_word' id='word_1_493' title='bbox 1759 4700 2144 4761; x_wconf 85' lang='lat' dir='ltr'><strong>sacramento,</strong></span> <span class='ocrx_word' id='word_1_494' title='bbox 2203 4698 2349 4755; x_wconf 88' lang='lat' dir='ltr'><strong>alter</strong></span> 
     </span>
     <span class='ocr_line' id='line_1_77' title="bbox 842 4784 2346 4858; baseline 0.001 -17"><span class='ocrx_word' id='word_1_495' title='bbox 842 4802 976 4844; x_wconf 81' lang='lat' dir='ltr'><strong>vero</strong></span> <span class='ocrx_word' id='word_1_496' title='bbox 1006 4785 1065 4840; x_wconf 91' lang='lat' dir='ltr'><strong>in</strong></span> <span class='ocrx_word' id='word_1_497' title='bbox 1105 4784 1318 4842; x_wconf 90' lang='lat' dir='ltr'><strong>unione</strong></span> <span class='ocrx_word' id='word_1_498' title='bbox 1347 4785 1422 4849; x_wconf 79' lang='lat' dir='ltr'><strong>ad</strong></span> <span class='ocrx_word' id='word_1_499' title='bbox 1451 4784 1642 4858; x_wconf 89' lang='lat' dir='ltr'><strong>ipsum</strong></span> <span class='ocrx_word' id='word_1_500' title='bbox 1680 4786 1788 4842; x_wconf 88' lang='lat' dir='ltr'><strong>sub</strong></span> <span class='ocrx_word' id='word_1_501' title='bbox 1817 4791 2182 4843; x_wconf 88' lang='lat' dir='ltr'><strong>sacramento</strong></span> <span class='ocrx_word' id='word_1_502' title='bbox 2212 4804 2346 4844; x_wconf 91' lang='lat' dir='ltr'><strong>con-</strong></span> 
     </span>
     <span class='ocr_line' id='line_1_78' title="bbox 843 4876 2347 4947; baseline -0.001 -15"><span class='ocrx_word' id='word_1_503' title='bbox 843 4879 1091 4932; x_wconf 89' lang='lat' dir='ltr'><strong>tentum.</strong></span> <span class='ocrx_word' id='word_1_504' title='bbox 1133 4876 1469 4932; x_wconf 88' lang='lat' dir='ltr'><strong>Secundum</strong></span> <span class='ocrx_word' id='word_1_505' title='bbox 1515 4892 1658 4947; x_wconf 90' lang='lat' dir='ltr'><strong>quos</strong></span> <span class='ocrx_word' id='word_1_506' title='bbox 1700 4876 2098 4933; x_wconf 87' lang='lat' dir='ltr'><strong>manducandi</strong></span> <span class='ocrx_word' id='word_1_507' title='bbox 2141 4879 2347 4934; x_wconf 88' lang='lat' dir='ltr'><strong>modos</strong></span> 
     </span>
     <span class='ocr_line' id='line_1_79' title="bbox 846 4963 2345 5037; baseline 0 -16"><span class='ocrx_word' id='word_1_508' title='bbox 846 4963 1260 5037; x_wconf 82' lang='lat' dir='ltr'><strong>distinguenda</strong></span> <span class='ocrx_word' id='word_1_509' title='bbox 1305 4966 1443 5020; x_wconf 89' lang='lat' dir='ltr'><strong>sunt</strong></span> <span class='ocrx_word' id='word_1_510' title='bbox 1487 4964 1758 5035; x_wconf 81' lang='lat' dir='ltr'><strong>quaedam</strong></span> <span class='ocrx_word' id='word_1_511' title='bbox 1806 4965 2111 5021; x_wconf 89' lang='lat' dir='ltr'><strong>doctorum</strong></span> <span class='ocrx_word' id='word_1_512' title='bbox 2150 4965 2345 5029; x_wconf 81' lang='lat' dir='ltr'><strong>verba,</strong></span> 
     </span>
     <span class='ocr_line' id='line_1_80' title="bbox 845 5052 2347 5126; baseline 0 -16"><span class='ocrx_word' id='word_1_513' title='bbox 845 5053 944 5126; x_wconf 88' lang='lat' dir='ltr'><strong>qui</strong></span> <span class='ocrx_word' id='word_1_514' title='bbox 992 5052 1208 5126; x_wconf 89' lang='lat' dir='ltr'><strong>alioqui</strong></span> <span class='ocrx_word' id='word_1_515' title='bbox 1265 5052 1540 5125; x_wconf 83' lang='lat' dir='ltr'><strong>ambigue</strong></span> <span class='ocrx_word' id='word_1_516' title='bbox 1589 5052 1746 5126; x_wconf 88' lang='lat' dir='ltr'><strong>loqui</strong></span> <span class='ocrx_word' id='word_1_517' title='bbox 1793 5052 2066 5109; x_wconf 78' lang='lat' dir='ltr'><strong>videntur</strong></span> <span class='ocrx_word' id='word_1_518' title='bbox 2111 5057 2169 5110; x_wconf 92' lang='lat' dir='ltr'><strong>et</strong></span> <span class='ocrx_word' id='word_1_519' title='bbox 2212 5070 2347 5110; x_wconf 90' lang='lat' dir='ltr'><strong>con-</strong></span> 
     </span>
     <span class='ocr_line' id='line_1_81' title="bbox 846 5142 1040 5199; baseline -0.015 -1"><span class='ocrx_word' id='word_1_520' title='bbox 846 5142 1040 5199; x_wconf 89' lang='lat' dir='ltr'><strong>trarie.</strong></span> 
     </span>
    </p>
   </div>
   <div class='ocr_carea' id='block_1_22' title="bbox 853 5256 2349 5395">
    <p class='ocr_par' dir='ltr' id='par_1_24' title="bbox 853 5256 2349 5395">
     <span class='ocr_line' id='line_1_82' title="bbox 853 5256 2349 5322; baseline 0 -13"><span class='ocrx_word' id='word_1_521' title='bbox 853 5258 1070 5322; x_wconf 89' lang='lat' dir='ltr'><strong>Corpus</strong></span> <span class='ocrx_word' id='word_1_522' title='bbox 1101 5256 1246 5307; x_wconf 90' lang='lat' dir='ltr'><strong>idem</strong></span> <span class='ocrx_word' id='word_1_523' title='bbox 1277 5259 1515 5309; x_wconf 88' lang='lat' dir='ltr'><strong>cunctos</strong></span> <span class='ocrx_word' id='word_1_524' title='bbox 1541 5270 1701 5321; x_wconf 83' lang='lat' dir='ltr'><strong>aeque</strong></span> <span class='ocrx_word' id='word_1_525' title='bbox 1733 5256 1838 5308; x_wconf 85' lang='lat' dir='ltr'><strong>sibi</strong></span> <span class='ocrx_word' id='word_1_526' title='bbox 1871 5272 2092 5309; x_wconf 89' lang='lat' dir='ltr'><strong>sumere</strong></span> <span class='ocrx_word' id='word_1_527' title='bbox 2122 5258 2349 5320; x_wconf 81' lang='lat' dir='ltr'><strong>Christi,</strong></span> 
     </span>
     <span class='ocr_line' id='line_1_83' title="bbox 915 5326 2203 5395; baseline 0.002 -16"><span class='ocrx_word' id='word_1_528' title='bbox 915 5328 1180 5381; x_wconf 85' lang='lat' dir='ltr'><strong>Naneisci</strong></span> <span class='ocrx_word' id='word_1_529' title='bbox 1213 5328 1434 5380; x_wconf 84' lang='lat' dir='ltr'><strong>fructus</strong></span> <span class='ocrx_word' id='word_1_530' title='bbox 1464 5326 1616 5381; x_wconf 82' lang='lat' dir='ltr'><strong>haud</strong></span> <span class='ocrx_word' id='word_1_531' title='bbox 1643 5332 1832 5381; x_wconf 81' lang='lat' dir='ltr'><strong>tamen</strong></span> <span class='ocrx_word' id='word_1_532' title='bbox 1864 5330 1992 5381; x_wconf 87' lang='lat' dir='ltr'><strong>inde</strong></span> <span class='ocrx_word' id='word_1_533' title='bbox 2019 5344 2203 5395; x_wconf 87' lang='lat' dir='ltr'><strong>pares.</strong></span> 
     </span>
    </p>
   </div>
   <div class='ocr_carea' id='block_1_23' title="bbox 2452 4245 3961 5397">
    <p class='ocr_par' dir='ltr' id='par_1_25' title="bbox 2452 4245 3961 5397">
     <span class='ocr_line' id='line_1_84' title="bbox 2453 4245 3955 4319; baseline -0.001 -13"><span class='ocrx_word' id='word_1_534' title='bbox 2453 4252 2519 4307; x_wconf 89' lang='lat' dir='ltr'><strong>ut</strong></span> <span class='ocrx_word' id='word_1_535' title='bbox 2540 4246 2784 4303; x_wconf 87' lang='lat' dir='ltr'><strong>materia</strong></span> <span class='ocrx_word' id='word_1_536' title='bbox 2811 4248 3073 4318; x_wconf 87' lang='lat' dir='ltr'><strong>respectu</strong></span> <span class='ocrx_word' id='word_1_537' title='bbox 3104 4245 3361 4317; x_wconf 89' lang='lat' dir='ltr'><strong>corporis</strong></span> <span class='ocrx_word' id='word_1_538' title='bbox 3382 4247 3509 4319; x_wconf 78' lang='lat' dir='ltr'><strong>eJus</strong></span> <span class='ocrx_word' id='word_1_539' title='bbox 3530 4263 3544 4301; x_wconf 79' lang='lat' dir='ltr'>t</span> <span class='ocrx_word' id='word_1_540' title='bbox 3566 4245 3650 4302; x_wconf 89' lang='lat' dir='ltr'><strong>sic</strong></span> <span class='ocrx_word' id='word_1_541' title='bbox 3669 4249 3827 4319; x_wconf 86' lang='lat' dir='ltr'><strong>quod</strong></span> <span class='ocrx_word' id='word_1_542' title='bbox 3846 4249 3955 4304; x_wconf 90' lang='lat' dir='ltr'><strong>sub</strong></span> 
     </span>
     <span class='ocr_line' id='line_1_85' title="bbox 2452 4335 3957 4410; baseline -0.002 -15"><span class='ocrx_word' id='word_1_543' title='bbox 2452 4337 2851 4395; x_wconf 87' lang='lat' dir='ltr'><strong>accidentibus</strong></span> <span class='ocrx_word' id='word_1_544' title='bbox 2887 4337 2995 4393; x_wconf 89' lang='lat' dir='ltr'><strong>sub</strong></span> <span class='ocrx_word' id='word_1_545' title='bbox 3032 4335 3245 4408; x_wconf 87' lang='lat' dir='ltr'><strong>quibus</strong></span> <span class='ocrx_word' id='word_1_546' title='bbox 3284 4335 3445 4410; x_wconf 90' lang='lat' dir='ltr'><strong>prius</strong></span> <span class='ocrx_word' id='word_1_547' title='bbox 3484 4335 3595 4393; x_wconf 83' lang='lat' dir='ltr'><strong>ruit</strong></span> <span class='ocrx_word' id='word_1_548' title='bbox 3630 4337 3957 4394; x_wconf 86' lang='lat' dir='ltr'><strong>substantia</strong></span> 
     </span>
     <span class='ocr_line' id='line_1_86' title="bbox 2458 4424 3957 4500; baseline 0 -16"><span class='ocrx_word' id='word_1_549' title='bbox 2458 4426 2643 4500; x_wconf 87' lang='lat' dir='ltr'><strong>panis,</strong></span> <span class='ocrx_word' id='word_1_550' title='bbox 2688 4424 3339 4483; x_wconf 83' lang='lat' dir='ltr'><strong>transsubstantiatione</strong></span> <span class='ocrx_word' id='word_1_551' title='bbox 3393 4424 3563 4490; x_wconf 83' lang='lat' dir='ltr'><strong>sacta,</strong></span> <span class='ocrx_word' id='word_1_552' title='bbox 3613 4430 3701 4482; x_wconf 89' lang='lat' dir='ltr'><strong>est</strong></span> <span class='ocrx_word' id='word_1_553' title='bbox 3746 4443 3957 4499; x_wconf 88' lang='lat' dir='ltr'><strong>corpus</strong></span> 
     </span>
     <span class='ocr_line' id='line_1_87' title="bbox 2456 4514 3954 4588; baseline -0.001 -14"><span class='ocrx_word' id='word_1_554' title='bbox 2456 4515 2683 4581; x_wconf 85' lang='lat' dir='ltr'><strong>Christi,</strong></span> <span class='ocrx_word' id='word_1_555' title='bbox 2745 4517 2902 4588; x_wconf 87' lang='lat' dir='ltr'><strong>quod</strong></span> <span class='ocrx_word' id='word_1_556' title='bbox 2956 4518 3156 4571; x_wconf 89' lang='lat' dir='ltr'><strong>tamen</strong></span> <span class='ocrx_word' id='word_1_557' title='bbox 3212 4514 3328 4570; x_wconf 89' lang='lat' dir='ltr'><strong>illis</strong></span> <span class='ocrx_word' id='word_1_558' title='bbox 3381 4514 3781 4573; x_wconf 87' lang='lat' dir='ltr'><strong>accidentibus</strong></span> <span class='ocrx_word' id='word_1_559' title='bbox 3837 4532 3954 4572; x_wconf 91' lang='lat' dir='ltr'><strong>non</strong></span> 
     </span>
     <span class='ocr_line' id='line_1_88' title="bbox 2456 4603 3955 4678; baseline -0.001 -16"><span class='ocrx_word' id='word_1_560' title='bbox 2456 4606 2733 4673; x_wconf 60' lang='lat' dir='ltr'><strong>amenum</strong></span> <span class='ocrx_word' id='word_1_561' title='bbox 2756 4621 2863 4661; x_wconf 90' lang='lat' dir='ltr'><strong>nec</strong></span> <span class='ocrx_word' id='word_1_562' title='bbox 2892 4603 3061 4678; x_wconf 84' lang='lat' dir='ltr'><strong>panis</strong></span> <span class='ocrx_word' id='word_1_563' title='bbox 3089 4603 3472 4669; x_wconf 88' lang='lat' dir='ltr'><strong>annihilatur,</strong></span> <span class='ocrx_word' id='word_1_564' title='bbox 3490 4606 3592 4661; x_wconf 88' lang='lat' dir='ltr'><strong>sed</strong></span> <span class='ocrx_word' id='word_1_565' title='bbox 3612 4606 3701 4675; x_wconf 84' lang='lat' dir='ltr'><strong>(ut</strong></span> <span class='ocrx_word' id='word_1_566' title='bbox 3730 4605 3955 4663; x_wconf 85' lang='lat' dir='ltr'><strong>dictum</strong></span> 
     </span>
     <span class='ocr_line' id='line_1_89' title="bbox 2456 4692 3959 4767; baseline -0.002 -13"><span class='ocrx_word' id='word_1_567' title='bbox 2456 4698 2565 4767; x_wconf 87' lang='lat' dir='ltr'><strong>est)</strong></span> <span class='ocrx_word' id='word_1_568' title='bbox 2594 4696 2653 4751; x_wconf 92' lang='lat' dir='ltr'><strong>in</strong></span> <span class='ocrx_word' id='word_1_569' title='bbox 2690 4711 2899 4766; x_wconf 89' lang='lat' dir='ltr'><strong>corpus</strong></span> <span class='ocrx_word' id='word_1_570' title='bbox 2926 4692 3139 4751; x_wconf 89' lang='lat' dir='ltr'><strong>Christi</strong></span> <span class='ocrx_word' id='word_1_571' title='bbox 3178 4693 3547 4751; x_wconf 79' lang='lat' dir='ltr'><strong>convertitur.</strong></span> <span class='ocrx_word' id='word_1_572' title='bbox 3579 4694 3959 4752; x_wconf 86' lang='lat' dir='ltr'><strong>Occultautur</strong></span> 
     </span>
     <span class='ocr_line' id='line_1_90' title="bbox 2454 4781 3960 4858; baseline 0 -16"><span class='ocrx_word' id='word_1_573' title='bbox 2454 4788 2652 4842; x_wconf 86' lang='lat' dir='ltr'><strong>autem</strong></span> <span class='ocrx_word' id='word_1_574' title='bbox 2689 4784 2845 4841; x_wconf 89' lang='lat' dir='ltr'><strong>idem</strong></span> <span class='ocrx_word' id='word_1_575' title='bbox 2878 4800 3087 4855; x_wconf 90' lang='lat' dir='ltr'><strong>corpus</strong></span> <span class='ocrx_word' id='word_1_576' title='bbox 3116 4785 3174 4840; x_wconf 90' lang='lat' dir='ltr'><strong>et</strong></span> <span class='ocrx_word' id='word_1_577' title='bbox 3201 4781 3441 4856; x_wconf 81' lang='lat' dir='ltr'><strong>sanguis</strong></span> <span class='ocrx_word' id='word_1_578' title='bbox 3479 4784 3585 4841; x_wconf 88' lang='lat' dir='ltr'><strong>sub</strong></span> <span class='ocrx_word' id='word_1_579' title='bbox 3613 4783 3807 4841; x_wconf 89' lang='lat' dir='ltr'><strong>aliena</strong></span> <span class='ocrx_word' id='word_1_580' title='bbox 3834 4802 3960 4858; x_wconf 89' lang='lat' dir='ltr'><strong>spe-</strong></span> 
     </span>
     <span class='ocr_line' id='line_1_91' title="bbox 2456 4873 3954 4940; baseline -0.001 -8"><span class='ocrx_word' id='word_1_581' title='bbox 2456 4875 2543 4933; x_wconf 91' lang='lat' dir='ltr'><strong>cie</strong></span> <span class='ocrx_word' id='word_1_582' title='bbox 2574 4892 2587 4931; x_wconf 89' lang='lat'>:</span> <span class='ocrx_word' id='word_1_583' title='bbox 2616 4878 2745 4931; x_wconf 88' lang='lat' dir='ltr'><strong>tum</strong></span> <span class='ocrx_word' id='word_1_584' title='bbox 2785 4875 2860 4930; x_wconf 89' lang='lat' dir='ltr'><strong>ad</strong></span> <span class='ocrx_word' id='word_1_585' title='bbox 2887 4873 3192 4937; x_wconf 78' lang='lat' dir='ltr'><strong>vitandum</strong></span> <span class='ocrx_word' id='word_1_586' title='bbox 3228 4873 3529 4930; x_wconf 89' lang='lat' dir='ltr'><strong>horrorem</strong></span> <span class='ocrx_word' id='word_1_587' title='bbox 3568 4875 3954 4940; x_wconf 89' lang='lat' dir='ltr'><strong>sumentium,</strong></span> 
     </span>
     <span class='ocr_line' id='line_1_92' title="bbox 2454 4962 3961 5032; baseline 0.001 -11"><span class='ocrx_word' id='word_1_588' title='bbox 2454 4969 2582 5023; x_wconf 87' lang='lat' dir='ltr'><strong>tum</strong></span> <span class='ocrx_word' id='word_1_589' title='bbox 2622 4963 2955 5020; x_wconf 88' lang='lat' dir='ltr'><strong>irrisionem</strong></span> <span class='ocrx_word' id='word_1_590' title='bbox 2998 4962 3361 5032; x_wconf 84' lang='lat' dir='ltr'><strong>infidelium;</strong></span> <span class='ocrx_word' id='word_1_591' title='bbox 3397 4966 3525 5020; x_wconf 88' lang='lat' dir='ltr'><strong>tum</strong></span> <span class='ocrx_word' id='word_1_592' title='bbox 3564 4964 3742 5021; x_wconf 88' lang='lat' dir='ltr'><strong>etiam</strong></span> <span class='ocrx_word' id='word_1_593' title='bbox 3784 4965 3857 5022; x_wconf 93' lang='lat' dir='ltr'><strong>ob</strong></span> <span class='ocrx_word' id='word_1_594' title='bbox 3898 4966 3961 5021; x_wconf 82' lang='lat' dir='ltr'><strong>fi-</strong></span> 
     </span>
     <span class='ocr_line' id='line_1_93' title="bbox 2456 5051 3957 5126; baseline 0 -14"><span class='ocrx_word' id='word_1_595' title='bbox 2456 5054 2548 5112; x_wconf 91' lang='lat' dir='ltr'><strong>dei</strong></span> <span class='ocrx_word' id='word_1_596' title='bbox 2592 5053 2889 5117; x_wconf 83' lang='lat' dir='ltr'><strong>meritum,</strong></span> <span class='ocrx_word' id='word_1_597' title='bbox 2921 5068 3052 5125; x_wconf 80' lang='lat' dir='ltr'><strong>quoe</strong></span> <span class='ocrx_word' id='word_1_598' title='bbox 3090 5051 3311 5109; x_wconf 90' lang='lat' dir='ltr'><strong>scilicet</strong></span> <span class='ocrx_word' id='word_1_599' title='bbox 3336 5055 3423 5108; x_wconf 91' lang='lat' dir='ltr'><strong>est</strong></span> <span class='ocrx_word' id='word_1_600' title='bbox 3450 5054 3521 5111; x_wconf 91' lang='lat' dir='ltr'><strong>de</strong></span> <span class='ocrx_word' id='word_1_601' title='bbox 3549 5052 3639 5109; x_wconf 91' lang='lat' dir='ltr'><strong>his</strong></span> <span class='ocrx_word' id='word_1_602' title='bbox 3678 5071 3812 5126; x_wconf 80' lang='lat' dir='ltr'><strong>quae</strong></span> <span class='ocrx_word' id='word_1_603' title='bbox 3839 5073 3957 5112; x_wconf 91' lang='lat' dir='ltr'><strong>non</strong></span> 
     </span>
     <span class='ocr_line' id='line_1_94' title="bbox 2452 5140 3955 5213; baseline 0.001 -13"><span class='ocrx_word' id='word_1_604' title='bbox 2452 5144 2743 5202; x_wconf 78' lang='lat' dir='ltr'><strong>videntur.</strong></span> <span class='ocrx_word' id='word_1_605' title='bbox 2774 5142 2893 5200; x_wconf 92' lang='lat' dir='ltr'><strong>Sub</strong></span> <span class='ocrx_word' id='word_1_606' title='bbox 2934 5140 3153 5213; x_wconf 88' lang='lat' dir='ltr'><strong>duplici</strong></span> <span class='ocrx_word' id='word_1_607' title='bbox 3191 5140 3368 5198; x_wconf 88' lang='lat' dir='ltr'><strong>ctiam</strong></span> <span class='ocrx_word' id='word_1_608' title='bbox 3408 5140 3599 5213; x_wconf 89' lang='lat' dir='ltr'><strong>specie</strong></span> <span class='ocrx_word' id='word_1_609' title='bbox 3632 5142 3955 5211; x_wconf 87' lang='lat' dir='ltr'><strong>conficitur,</strong></span> 
     </span>
     <span class='ocr_line' id='line_1_95' title="bbox 2456 5230 3958 5307; baseline 0 -16"><span class='ocrx_word' id='word_1_610' title='bbox 2456 5237 2523 5291; x_wconf 86' lang='lat' dir='ltr'><strong>ut</strong></span> <span class='ocrx_word' id='word_1_611' title='bbox 2550 5232 2761 5290; x_wconf 82' lang='lat' dir='ltr'><strong>Filium</strong></span> <span class='ocrx_word' id='word_1_612' title='bbox 2796 5231 2893 5289; x_wconf 92' lang='lat' dir='ltr'><strong>Dei</strong></span> <span class='ocrx_word' id='word_1_613' title='bbox 2932 5248 3142 5303; x_wconf 90' lang='lat' dir='ltr'><strong>corpus</strong></span> <span class='ocrx_word' id='word_1_614' title='bbox 3181 5233 3238 5287; x_wconf 90' lang='lat' dir='ltr'><strong>ct</strong></span> <span class='ocrx_word' id='word_1_615' title='bbox 3270 5230 3533 5288; x_wconf 86' lang='lat' dir='ltr'><strong>animam</strong></span> <span class='ocrx_word' id='word_1_616' title='bbox 3573 5233 3958 5307; x_wconf 87' lang='lat' dir='ltr'><strong>assumpsisse</strong></span> 
     </span>
     <span class='ocr_line' id='line_1_96' title="bbox 2462 5319 3955 5397; baseline -0.001 -18"><span class='ocrx_word' id='word_1_617' title='bbox 2462 5321 2841 5396; x_wconf 79' lang='lat' dir='ltr'><strong>significetur,</strong></span> <span class='ocrx_word' id='word_1_618' title='bbox 2855 5325 2912 5379; x_wconf 90' lang='lat' dir='ltr'><strong>et</strong></span> <span class='ocrx_word' id='word_1_619' title='bbox 2933 5324 3249 5394; x_wconf 85' lang='lat' dir='ltr'><strong>utrumque</strong></span> <span class='ocrx_word' id='word_1_620' title='bbox 3278 5319 3339 5376; x_wconf 89' lang='lat' dir='ltr'><strong>in</strong></span> <span class='ocrx_word' id='word_1_621' title='bbox 3368 5320 3537 5379; x_wconf 89' lang='lat' dir='ltr'><strong>nobis</strong></span> <span class='ocrx_word' id='word_1_622' title='bbox 3565 5321 3687 5397; x_wconf 83' lang='lat' dir='ltr'><strong>ipse</strong></span> <span class='ocrx_word' id='word_1_623' title='bbox 3707 5325 3955 5381; x_wconf 83' lang='lat' dir='ltr'><strong>tueatur.</strong></span> 
     </span>
    </p>
   </div>
  </div>
 </body>
</html>
