4267 6250
852 490 976 556 528

1433 507 1499 554 IN
1536 506 1759 555 Lunum
1800 505 1862 552 IV
1902 502 2385 551 smmum
2426 520 2508 531 --·
2546 503 2700 551 msT.
2742 503 2890 568 11:13
2933 505 3159 561 QUAEST.
3199 505 3383 553 111*ch

854 679 1119 754 satione,
1162 679 1240 742 ad
1278 678 1399 743 hoc
1436 678 1606 760 quod
1656 694 1934 759 congrue
1975 675 2113 749 fiat,
2148 674 2351 738 consi·
2379 673 2431 737 A
2461 692 2586 756 que
2633 674 2950 757 correptio
2996 674 3118 739 ista
3162 683 3408 758 spectat
3446 676 3526 739 ad
3573 675 3794 740 bonos.
3837 676 3966 751 Qui

852 776 1129 840 deranda
1167 783 1263 841 est
1291 776 1357 839 in
1396 776 1803 859 dispensante
1834 781 2134 856 potestaS,
2169 780 2239 834 ut
2269 772 2352 835 sit

851 875 995 937 talis
1026 875 1138 957 qui
1177 894 1371 957 supra
1406 873 1511 956 jus
1551 872 1773 956 possit,
1807 890 1927 935 nec
1966 872 2049 935 sit
2086 870 2184 933 illi
2219 869 2349 950 juri

850 971 1198 1054 subjectuS,
1240 980 1305 1035 et
1347 972 1411 1035 in
1456 990 1533 1035 eo
1580 971 1686 1034 cui
1728 970 1827 1045 fit,
1860 970 1944 1033 sit
1983 988 2174 1031 causa
2223 967 2352 1030 ido-

849 1089 986 1133 nea.
1022 1070 1356 1153 Quumque
1385 1069 1684 1133 dominus
1713 1069 1878 1151 Papa
1917 1085 2043 1130 non
2090 1066 2175 1129 sit
2201 1064 2349 1128 sub-

759 1185 761 1188 ·
843 1168 1052 1250 jectus
1093 1167 1657 1231 constitutionibus
1694 1168 1970 1240 Patrum,
2004 1165 2116 1227 sed
2156 1182 2350 1246 super

548 5031 615 5077 Is.
636 5045 747 5084 nvn,
773 5031 814 5076 8.

846 1284 1068 1329 omnes
1107 1274 1240 1346 θεῖς
1282 1267 1424 1331 idco
1462 1272 1671 1350 potest
1713 1265 2084 1347 dispensare
2123 1264 2190 1326 in
2229 1262 2342 1325 eis,

847 1366 1151 1447 Tuncque
1182 1365 1347 1428 bene
1375 1356 1525 1447 agit,
1553 1364 1808 1447 quando
1836 1362 2181 1426 necessitas
2211 1361 2347 1424 sive

846 1462 1085 1525 utilitas
1124 1464 1245 1527 hoc
1274 1463 1561 1545 requirit.
1596 1464 1668 1525 In
1708 1460 2022 1525 mandatis
2053 1476 2206 1523 vero
2237 1459 2348 1521 De-

845 1562 1045 1643 calogi
1095 1562 1465 1644 dispensare
1507 1578 1635 1625 non
1678 1567 1908 1643 potest,
1940 1558 2093 1641 quia
2131 1556 2347 1638 subje-

844 1668 983 1723 ctus
1026 1666 1123 1722 est
1164 1660 1312 1722 illis.
1348 1660 1507 1722 Hinc
1551 1658 1941 1741 dispensatio
1983 1657 2147 1720 solet
2186 1655 2346 1718 defi-

844 1758 970 1822 niri
1017 1759 1109 1820 sic
1157 1776 1172 1821 ε
1218 1758 1618 1840 Dispensatio
1664 1763 1761 1820 est
1803 1756 1967 1837 juris
2016 1754 2341 1829 relaxatiO,

2460 772 2634 834 enim
2665 773 2730 835 in
2761 774 2958 836 simili
2987 782 3094 836 aut
3122 774 3346 855 maj0ri
3378 774 3625 838 notorio
3655 775 3813 839 vitio
3840 782 3962 849 est,

2460 870 2761 952 indignus
2791 878 2888 935 est
2917 872 3257 955 corripere,
3285 873 3411 936 nisi
3441 873 3654 936 forsan
3683 874 3970 955 rogando

2462 976 2526 1031 et
2573 969 2844 1034 dicendo
2889 972 3010 1034 hoc
3061 972 3249 1035 modo
3292 991 3307 1036 :
3349 972 3520 1055 Rogo
3561 979 3646 1047 te,
3691 992 3772 1035 ne
3815 989 3968 1035 meo

2461 1086 2688 1150 pecces
2719 1070 3034 1152 exemplo.
3070 1070 3147 1132 Et
3175 1071 3229 1133 si
3264 1070 3374 1133 ille
3405 1071 3566 1135 nolit
3594 1071 3966 1153 acquiesce-

2463 1184 2552 1240 re,
2586 1166 2704 1229 iste
2734 1184 2863 1230 non
2903 1174 3112 1250 potest
3139 1186 3289 1230 eum
3324 1168 3616 1249 judicare
3650 1169 3776 1231 nisi
3805 1188 3964 1231 cum

2463 1265 2714 1327 mortali
2773 1273 3056 1348 peccato,
3103 1265 3232 1330 imo
3289 1284 3408 1329 nec
3451 1266 3654 1347 judici
3713 1268 3966 1329 denun-

2459 1362 2617 1424 tiare
2656 1379 2772 1444 per
2815 1364 3076 1426 modum
3118 1364 3496 1427 accusantis
3529 1364 3634 1427 Ait
3671 1365 3846 1427 enim
3893 1365 3966 1427 in

2458 1460 2757 1522 Pastorali
2789 1460 3127 1542 Gregorius
3152 1460 3390 1525 :Nemo
3420 1462 3486 1523 in
3517 1460 3800 1525 Ecclesia
3826 1480 3966 1525 am-

2458 1558 2628 1639 plius
2663 1566 2870 1634 nocet,
2903 1577 3095 1642 quam
3127 1560 3238 1642 qui
3273 1578 3570 1643 perverse
3601 1579 3814 1642 agens,
3847 1578 3962 1624 no-

2459 1675 2604 1719 men
2643 1664 2754 1719 aut
2793 1658 3081 1721 ordinem
3128 1658 3318 1721 habet
3359 1659 3664 1722 docentis.
3701 1660 3958 1723 Etenim

2455 1775 2582 1839 qua
2610 1757 2852 1820 ratione
2883 1757 3124 1820 mederi
3154 1758 3298 1820 aliis
3329 1760 3783 1841 praeparat‚qui
3817 1759 3960 1821 vul-

846 1857 1011 1920 facta
1049 1876 1197 1919 cum
1237 1876 1443 1921 causae
1478 1855 1840 1938 cognitione
1871 1854 1953 1917 ab
1984 1872 2060 1918 eo
2088 1853 2202 1936 qui
2238 1853 2343 1934 jus
2371 1854 2418 1916 B
2455 1874 2575 1917 nus
2615 1856 2680 1917 in
2721 1847 2884 1918 facie
2925 1860 3174 1938 portat?
3203 1856 3350 1919 Ideo
3389 1857 3456 1920 in
3489 1857 3830 1939 Evangelio
3863 1858 3958 1921 ait

845 1955 1034 2019 habet
1062 1955 1492 2039 dispensandi.
1520 1955 1679 2018 Nam
1709 1955 2079 2036 dispensare
2110 1952 2345 2015 dicitur

844 2055 1025 2136 quasi
1078 2054 1328 2118 diversa
1374 2072 1661 2136 pensare.
1715 2053 1891 2115 Unde
1940 2053 2003 2115 in
2052 2051 2154 2114 his
2201 2070 2344 2133 quae

844 2160 1078 2216 statum
1139 2153 1439 2216 Ecclesiae
1496 2152 1880 2224 decolorant,
1943 2151 2154 2214 locum
2215 2165 2340 2213 non

845 2251 1056 2325 habet,
1098 2258 1163 2315 et
1202 2251 1266 2315 in
1318 2251 1417 2313 his
1456 2269 1597 2332 quae
1637 2250 1743 2331 jus
1782 2250 2081 2313 videntur
2118 2247 2343 2309 infrin-

844 2367 1015 2432 gere,
1047 2350 1216 2433 quod
1258 2356 1375 2423 est,
1408 2349 1663 2432 quando
1710 2347 1929 2410 multis
1972 2345 2344 2410 conceditur

845 2447 1014 2531 quod
1056 2466 1183 2511 non
1224 2447 1349 2510 nisi
1389 2447 1611 2529 paucis
1640 2453 1809 2509 esset
1836 2444 2338 2518 concedendum,

844 2553 908 2609 et
935 2548 1131 2609 etiam
1168 2545 1422 2629 quando
1462 2546 1555 2608 sic
1598 2546 1837 2628 petitur
1877 2552 2069 2626 atque
2107 2542 2345 2626 accipi-

843 2653 971 2721 tur,
1004 2662 1131 2708 non
1171 2645 1353 2727 quasi
1388 2652 1556 2707 esset
1584 2644 1663 2707 de
1695 2644 1916 2726 gratia,
1950 2643 2063 2705 sed
2092 2643 2173 2705 de
2199 2642 2344 2724 jure

846 2744 1193 2807 communi.
1229 2742 1371 2807 Haec
1413 2744 1869 2806 Bonaventura.

932 2940 1008 3001 Et
1036 2940 1189 3023 quia
1228 2940 1294 3002 in
1336 2939 1545 3001 littera
1573 2938 1854 3020 tangitur
1883 2936 2091 3020 qualis
2120 2934 2349 2998 debeat

850 3144 1122 3200 tractant
1144 3137 1222 3200 de
1252 3135 1642 3201 correctione
1673 3153 1784 3198 seu
1814 3134 2204 3216 correptione
2231 3132 2349 3195 fra-

853 3244 1051 3312 terna,
1088 3235 1244 3319 quid
1284 3234 1389 3310 sit,
1432 3241 1495 3296 et
1540 3234 1619 3296 ad
1669 3251 1861 3316 quem
1904 3232 2240 3316 pertineat,
2285 3238 2350 3293 et

852 3334 1023 3397 circa
1052 3351 1211 3417 quos
1241 3332 1326 3396 sit
1355 3331 1669 3395 facienda:
1690 3331 1993 3414 quoniam
2022 3337 2202 3392 actus
2234 3329 2350 3392 iste

850 3433 928 3495 ad
974 3432 1385 3515 praesidentes
1428 3430 1759 3513 potissime
1804 3428 2096 3512 pertinet.
2131 3429 2348 3510 Itaque

850 3531 1176 3612 quaeritur,
1228 3530 1382 3613 quid
1432 3529 1515 3592 sit
1562 3528 1879 3610 correptio
1938 3527 2077 3601 ista,
2129 3532 2195 3589 et
2241 3544 2348 3588 cu-

845 3629 952 3710 jus
996 3630 1100 3703 sit,
1134 3636 1198 3692 et
1239 3629 1303 3691 in
1348 3645 1531 3711 quos,
1562 3647 1643 3691 an
1683 3627 1877 3690 etiam
1920 3626 1999 3688 ad
2036 3644 2179 3689 eam
2221 3624 2350 3686 sint

848 3727 1130 3809 obligati.

926 3826 1019 3888 Ad
1071 3826 1204 3889 haec
1248 3825 1591 3907 respondet
1629 3823 1926 3886 Albertus
1970 3839 1985 3886 :
2028 3822 2346 3886 Correctio

848 3924 1145 4000 fraterna,
1180 3931 1251 3985 ut
1279 3923 1504 3987 dicunt
1537 3922 1843 4004 magistri,
1876 3928 1973 3984 est
2002 3920 2346 3984 admonitio

847 4022 1120 4106 proximi
1151 4022 1231 4085 de
1262 4021 1705 4084 emendatione
1734 4019 1975 4096 delicti,
2007 4038 2086 4082 ex
2120 4019 2342 4082 frater-

848 4141 930 4185 na
960 4121 1219 4185 caritate
1259 4120 1630 4203 procedens
1664 4119 1809 4183 Haec
1844 4119 2017 4181 enim
2056 4118 2344 4183 admoni-

2453 1952 2738 2018 Salvator
2791 1973 2804 2017 :
2857 1954 3217 2037 Hypocrita,
3267 1954 3431 2036 ejice
3488 1956 3771 2038 primum
3825 1963 3955 2019 tra-
3998 1975 4258 2027 uaccas-u,

2454 2051 2600 2115 bem
2639 2052 2718 2115 de
2759 2053 2946 2116 oculo
2975 2061 3103 2116 tuo.
3136 2089 3217 2100 —
3247 2054 3340 2117 Ad
3377 2055 3563 2117 istam
3603 2056 3952 2138 correptio·
3985 2042 4034 2083 ⁵·

2455 2168 2602 2213 nem
2642 2170 2720 2214 ex
2763 2150 2985 2216 officio
3029 2169 3156 2216 non
3195 2158 3494 2215 tenentur
3533 2153 3659 2216 nisi
3705 2155 3956 2236 praelati

2453 2250 2988 2339 etpraesidentes,
3021 2258 3242 2333 utpote
3285 2268 3363 2313 ex
3405 2250 3622 2315 debito
3659 2252 3951 2333 justitiae.

2453 2349 2522 2410 ln
2553 2356 2866 2430 quantum
2893 2366 3047 2413 vero
3075 2356 3172 2411 est
3199 2356 3377 2412 actus
3408 2349 3710 2425 caritatis,
3727 2369 3957 2414 omnes

2453 2447 2530 2509 ad
2563 2448 2767 2529 ipsam
2801 2454 3102 2522 tenentur,
3117 2455 3180 2510 et
3209 2447 3401 2511 debet
3427 2450 3683 2512 extendi
3708 2450 3793 2512 ad
3821 2468 3959 2513 om-

2453 2546 2950 2631 neS,praesertim
2981 2546 3060 2609 de
3089 2564 3360 2629 quorum
3389 2547 3834 2611 emendatione
3859 2556 3960 2611 est

2454 2663 2618 2727 spes.
2637 2644 2732 2707 Ad
2764 2644 3053 2707 ordinem
3083 2662 3339 2727 quoque
3368 2646 3790 2729 correptionis
3821 2647 3958 2710 isti-

2455 2760 2530 2803 us
2561 2741 2839 2823 pertinet
2866 2742 3036 2823 quod
3067 2740 3354 2805 Christus
3383 2744 3952 2826 praecepittcorri-
3999 2768 4246 2817 mazam.

2456 2859 2537 2923 pe
2566 2859 2717 2903 eum
2752 2841 2918 2903 inter
2944 2849 3008 2903 te
3039 2848 3102 2903 et
3133 2841 3345 2925 ipsum
3379 2842 3609 2918 solum,
3629 2851 3749 2906 etc.
3768 2845 3954 2919 Quod
3986 2834 4056 2874 ¹⁵·

2455 2940 2924 3002 observandum
2953 2945 3050 3001 est
3078 2939 3144 3002 in
3176 2940 3453 3023 peccatis
3480 2942 3772 3007 occultis.
3789 2944 3954 3007 Nam

804 3052 822 3062 ·
850 3056 989 3101 esse
1038 3038 1147 3121 qui
1208 3044 1437 3121 praeest
1492 3044 1557 3099 et
1608 3036 1873 3117 judicat,
1924 3034 2186 3118 quidam
2242 3033 2349 3095 hic
2379 3035 2422 3100 C
2457 3039 2536 3101 de
2575 3037 2932 3101 manifestis
2974 3038 3200 3100 scribit
3240 3038 3578 3121 Apostolus
3623 3060 3638 3104 z
3682 3043 4252 3111 recena-iram.

2459 3145 2553 3200 tes
2586 3155 2800 3200 coram
2832 3136 3133 3200 omnibus
3171 3155 3386 3218 argue,
3420 3145 3490 3201 ut
3527 3141 3722 3203 ceteri
3761 3142 3956 3207 timo-

2458 3253 2594 3298 rem
2625 3235 2911 3298 habeant
2931 3235 2996 3298 Si
3025 3242 3240 3298 autem
3271 3237 3460 3319 culpa
3481 3237 3565 3300 sit
3590 3238 3764 3314 Ιθνίε,
3778 3247 3845 3303 θῖ
3873 3259 3956 3305 ex

2459 3333 2953 3416 reprehensione
2979 3332 3396 3416 probabiliter
3423 3335 3801 3400 formidatur
3825 3358 3960 3402 ma-

2457 3433 2558 3513 jor
2601 3431 2900 3506 turbatio,
2947 3438 3154 3514 potest
3196 3433 3512 3516 correptio
3555 3435 3678 3498 ista
3715 3437 3956 3500 omitti.

2459 3530 2726 3593 Omnem
2765 3547 3020 3612 quoque
3059 3529 3386 3593 hominem
3425 3539 3724 3595 tenemur
3762 3536 3963 3598 corri-

2459 3645 2612 3710 pere
2642 3646 2790 3689 cum
2820 3628 3176 3690 reverentia
3205 3635 3269 3691 et
3297 3631 3800 3695 mansuetudine.
3821 3632 3964 3697 Non

2459 3732 2673 3787 tamen
2719 3725 2974 3803 [omnis]
3021 3732 3230 3807 potest
3276 3727 3662 3803 denuntiari,
3713 3729 3770 3791 si
3825 3730 3960 3794 ino-

2460 3822 2722 3886 bediens
2753 3822 2976 3885 fuerit:
2995 3823 3050 3886 si
3081 3825 3254 3886 enim
3287 3825 3584 3907 praelatus
3615 3846 3963 3910 supremus

2457 3921 2562 3996 sit,
2594 3937 2721 3984 non
2761 3919 2952 3984 habet
2981 3921 3088 3984 hic
3118 3921 3422 4002 judicem.
3457 3924 3602 3987 Haec
3630 3925 3958 3990 AlbertuS.

2535 4019 2696 4081 Hinc
2725 4019 2997 4082 Thomas
3025 4020 3280 4102 plenius
3315 4021 3602 4086 scribens
3636 4040 3652 4085 ε
3683 4024 3783 4088 Ad
3813 4025 3960 4102 hoc,

2456 4117 2687 4200 inquit,
2735 4117 2903 4199 quod
2952 4118 3096 4200 quis
3147 4126 3317 4182 recte
3362 4121 3689 4201 gradiatur
3737 4123 3806 4184 in
3855 4124 3960 4187 via

846 4220 939 4282 tio
979 4218 1173 4282 habet
1209 4237 1285 4281 ex
1330 4218 1590 4281 caritate
1628 4217 1799 4300 quod
1841 4217 1925 4279 sit
1963 4216 2119 4299 quid
2163 4217 2346 4299 spiri·
2375 4216 2424 4279 D
2456 4215 2700 4292 salutiS‚
2749 4215 2873 4278 tria
2927 4224 3078 4278 sunt
3124 4217 3183 4279 ei
3233 4217 3662 4300 impendenda
3713 4220 3801 4283 ab
3850 4223 3961 4285 ha-

846 4317 1039 4391 tuale,
1094 4325 1159 4379 et
1202 4336 1281 4380 ex
1343 4316 1776 4380 moderamine
1834 4315 2087 4398 pietatis
2143 4315 2344 4396 magis

846 4435 1041 4498 quam
1070 4435 1148 4478 ex
1185 4415 1526 4497 asperitate
1556 4414 1873 4496 procedat.
1908 4414 1985 4476 Et
2013 4414 2341 4496 quoniam,

846 4521 1007 4577 teste
1055 4512 1459 4595 Philosopho,
1511 4511 1719 4575 omnis
1779 4529 2049 4594 peccans
2106 4511 2347 4574 excidit

844 4612 927 4676 ab
971 4612 1323 4689 intellectu,
1366 4619 1429 4674 et
1469 4611 1759 4693 sequitur
1805 4618 2051 4694 partem
2102 4610 2346 4674 irratio·

846 4713 1097 4794 nalem3
1148 4712 1293 4776 ideo
1342 4711 1651 4776 correctio
1700 4729 1815 4774 seu
1862 4710 2177 4793 correptio
2224 4711 2344 4773 ista

845 4819 943 4876 est
970 4811 1341 4885 admonitio,
1376 4818 1447 4872 ut
1472 4827 1745 4892 peccans
1772 4807 1850 4871 ad
1884 4808 2092 4872 lucem
2129 4810 2343 4871 redeat

847 4911 1232 4985 intellectuS,
1264 4908 1377 4991 qui
1416 4909 1579 4989 regit
1614 4907 1787 4970 viam
1824 4907 2007 4987 juris.
2043 4907 2221 4970 Unde
2259 4908 2343 4971 lo·

848 5011 1067 5094 quitur
1112 5008 1304 5072 Isaias
1342 5024 1357 5069 :
1394 5007 1637 5082 Redite,
1682 5005 2219 5088 praevaricatoreS,
2263 5007 2340 5069 ad

848 5126 975 5172 cor.
1020 5107 1099 5170 Et
1140 5105 1537 5169 redeundum
1579 5112 1675 5167 est
1724 5103 2001 5166 maxime
2048 5102 2126 5167 ad
2173 5104 2340 5184 judi-

844 5207 1014 5269 cium
1046 5204 1389 5288 superioris
1413 5203 1609 5286 partis
1639 5202 1963 5265 rationalis
1991 5209 2178 5286 atque
2199 5222 2342 5285 syn-

842 5303 1105 5380 deresis,
1138 5301 1311 5385 quod
1338 5319 1594 5384 semper
1622 5309 1721 5364 est
1746 5307 2013 5365 rectum.
2046 5335 2127 5348 --
2157 5301 2340 5365 Deni-

2458 4314 2648 4378 bente
2687 4333 2905 4378 curam
2948 4314 3167 4398 ipsius.
3201 4316 3509 4392 Primum,
3544 4326 3614 4381 ut
3643 4319 3708 4381 in
3751 4319 3958 4385 finem

2457 4399 2701 4476 rectum
2731 4413 3100 4476 ordinetur:
3134 4421 3198 4477 et
3227 4422 3538 4496 quantum
3568 4417 3645 4479 ad
3677 4417 3824 4494 hoc,
3859 4439 3960 4483 su-

2455 4511 2669 4594 perior
2698 4511 3068 4575 inferiorem
3097 4511 3222 4574 sibi
3253 4514 3670 4576 commissum
3699 4522 3960 4581 tenetur

2454 4609 2746 4692 dirigere.
2783 4610 3170 4686 Secundum,
3205 4619 3276 4674 ut
3317 4613 3630 4676 cautelam
3673 4614 3734 4677 ei
3779 4617 3957 4679 adhi-

2454 4706 2620 4781 beat,
2653 4725 2734 4769 ne
2776 4726 2814 4769 a
2855 4707 2959 4770 via
3005 4708 3228 4772 salutis
3270 4709 3596 4772 discedat:
3632 4718 3698 4774 et
3740 4714 3951 4795 quoad

2454 4806 2595 4880 hoc,
2637 4824 2786 4868 eum
2830 4825 3050 4888 regere
3091 4807 3482 4889 perhibetur.
3526 4810 3840 4887 Tertium,
3884 4819 3955 4875 ut

2451 4914 2768 4969 errantem
2809 4924 2884 4968 ac
2932 4906 3336 4970 recedentem
3372 4928 3411 4971 a
3447 4907 3672 4972 salutis
3719 4910 3952 4974 itinere

2451 5012 2707 5068 revocet
2752 5013 2815 5068 et
2862 5005 3152 5085 reducat3
3203 5013 3268 5068 ct
3313 5015 3624 5089 quantum
3672 5009 3754 5071 ad
3803 5009 3948 5086 hoc,

2450 5105 2686 5167 dicitur
2725 5104 2936 5187 ipsum
2972 5105 3290 5187 corrigere
3323 5125 3338 5171 z
3373 5106 3696 5170 interdum
3729 5110 3848 5186 sic,
3883 5116 3952 5172 ut

2450 5203 2764 5265 rectitudo
2799 5202 3065 5283 justitiae
3100 5203 3217 5266 fiat
3245 5224 3282 5268 a
3311 5213 3636 5288 corrept03
3666 5208 3950 5289 quando-

2451 5321 2599 5386 que,
2640 5310 2714 5366 ut
2754 5303 3068 5368 rectitudo
3111 5303 3377 5386 justitiae
3424 5304 3541 5368 fiat
3587 5305 3668 5368 de
3715 5323 3794 5370 eo
3835 5325 3950 5392 per
