4267 6250
846 503 965 567 116
1782 523 1959 571 amna
1996 524 2059 569 xv
2100 522 2586 570 samm-runnu.
2627 540 2708 551 —
2749 523 2902 569 msr.
2946 524 3010 569 ιν

844 693 1029 774 pueri
1068 693 1145 755 ad
1185 692 1605 767 occidentem,
1638 693 1790 775 quia
1829 693 1919 755 ibi
1958 700 2055 755 est
2082 709 2344 755 occasus
2371 694 2423 755 A
2452 699 2718 755 testatur
2746 700 2812 755 et
2838 692 3052 767 sentit,
3072 692 3380 756 dicendo:
3405 692 3470 756 Si
3500 690 3958 774 quaesieriS,an

848 789 1133 867 luminis,
1164 800 1229 854 et
1260 791 1519 854 sinistra
1556 792 1725 867 coeli,
1757 792 2111 855 secundum
2141 792 2345 855 Philo·
2453 790 2874 853 sanctificatio
2911 810 2990 853 ex
3031 809 3198 873 aqua
3237 790 3356 869 sit;
3395 790 3738 853 dicendum
3779 786 3960 870 quod

848 889 1125 971 sophum
1168 891 1451 954 secundo
1492 890 1670 954 Coeli.
1703 892 1849 955 Haec
1890 890 2260 954 Richardus.
2455 907 2605 963 non,
2639 890 2748 951 sed
2778 908 2815 951 a
2843 889 2980 953 solo
3005 889 3136 953 Deo
3170 897 3428 953 auctore
3467 897 3531 951 et
3567 888 3807 960 datore,
3841 884 3962 967 qui

2455 988 2786 1051 invocatus
2812 989 2892 1051 ad
2927 988 3048 1052 hoc
3075 989 3254 1051 adest
3283 996 3473 1070 atque
3499 986 3771 1059 adsistit,
3803 1003 3962 1067 ope·

926 1087 1241 1169 AmpliuS‚
1274 1088 1445 1151 circa
1484 1087 1961 1151 distinctionem
2003 1088 2170 1151 hanc
2209 1086 2348 1169 qui·
2455 1093 2756 1168 raturque
2785 1086 2953 1149 intus
2980 1087 3061 1149 ad
3091 1086 3578 1150 similitudinem
3607 1092 3672 1147 et
3697 1101 3965 1167 propor-

848 1185 993 1247 dam
1034 1186 1323 1249 doctores
1361 1194 1677 1269 quaerunt‚
1708 1186 1864 1269 quid
1904 1187 2099 1250 fuerit
2138 1186 2236 1248 vis
2277 1184 2347 1245 il·
2453 1184 2692 1247 tionem
2733 1185 2874 1265 ejus
2913 1186 3082 1267 quod
3121 1204 3286 1268 aqua
3323 1192 3620 1267 operatur
3647 1182 3958 1245 exterius,

848 1282 909 1344 la
952 1284 1383 1365 regenerativa
1429 1303 1623 1367 quam
1668 1284 1955 1349 Christus
1998 1292 2172 1347 tactu
2216 1302 2346 1347 suae
2455 1282 2532 1344 Et
2559 1282 2754 1345 verba
2793 1282 2932 1357 ista,
2965 1284 3222 1366 Baptizo
3257 1292 3321 1345 te
3361 1284 3426 1345 in
3467 1282 3725 1346 nomine
3755 1280 3964 1343 Patris

848 1381 1287 1446 mundissimae
1334 1383 1545 1445 carnis
1594 1382 1866 1446 contulit
1909 1382 2115 1465 aquis,
2158 1389 2222 1444 et
2267 1382 2346 1443 de
2453 1389 2518 1443 et
2559 1381 2701 1443 Filii
2743 1388 2810 1443 et
2848 1381 3124 1463 Spiritus
3167 1381 3402 1455 Sancti,
3447 1380 3764 1444 invocatio
3805 1388 3966 1443 sunt

847 1480 1198 1543 cessatione
1249 1480 1568 1562 legalium,
1610 1488 1673 1543 et
1712 1480 1967 1564 quando
2018 1480 2346 1543 institutus
2453 1498 2720 1542 summae
2749 1487 2814 1542 et
2841 1479 3506 1562 supergloriosissimae
3534 1478 3968 1552 TrinitatiS,ct

848 1575 973 1638 suit
1006 1586 1071 1639 et
1102 1577 1384 1660 obligare
1426 1579 1667 1661 incepit
1696 1578 1928 1642 Christi
1958 1578 2342 1661 Baptismus,
2454 1578 2574 1640 hoc
2613 1596 2728 1660 per
2771 1578 3286 1642 informationem
3329 1587 3394 1641 et
3433 1577 3961 1649 insinuationem,

846 1683 911 1737 et
948 1694 1064 1738 cur
1099 1677 1578 1740 circumcisioni
1618 1677 1946 1751 successit,
1978 1685 2044 1741 et
2079 1696 2162 1739 an
2205 1696 2345 1739 eam
2453 1695 2528 1738 ac
2559 1676 2610 1739 si
2641 1676 2884 1739 diceret
2913 1695 2928 1741 :
2961 1676 3220 1759 Baptizo
3249 1684 3333 1751 te,
3371 1676 3748 1739 nominatim
3781 1674 3968 1738 invo-

844 1774 1197 1836 evacuavit.
1233 1774 1321 1837 De
1352 1774 1589 1856 quibus
1618 1782 2008 1858 pertranseo,
2040 1775 2346 1857 quoniam
2455 1775 2612 1837 catis
2661 1774 2836 1837 Patre
2885 1783 2950 1837 et
2997 1775 3158 1837 Filio
3205 1783 3268 1837 et
3315 1774 3558 1856 Spiritu
3599 1774 3832 1837 Sancto
3881 1774 3962 1835 ad

550 1890 815 1945 diat.1‚q.t,
844 1890 1037 1953 supra
1076 1871 1155 1934 de
1199 1872 1358 1954 ipsis
1396 1880 1733 1936 tractatum
1774 1881 1888 1936 est.
1923 1873 2001 1935 Et
2036 1874 2206 1936 sicut
2236 1874 2348 1936 Bo-
2377 1873 2424 1935 B
2455 1872 2986 1935 sanctificandum
3046 1881 3126 1937 te.
3180 1873 3305 1936 Alii
3362 1872 3838 1947 intellexerunt,
3895 1872 3966 1934 in

550 1954 711 2008 ⁸²4⁸·
844 1976 1195 2031 naventura
1225 1970 1432 2033 tenuit
1463 1971 1673 2053 prima
1701 1971 2111 2035 distinctione
2143 1972 2220 2033 de
2251 1990 2345 2033 sa·
2455 1972 2738 2046 nomine,
2793 1972 2855 2034 id
2915 1979 3012 2034 est
3068 1972 3304 2034 virtute
3360 1971 3461 2034 vel
3519 1989 3598 2033 ex
3656 1978 3840 2052 parte
3899 1978 3966 2031 ct

844 2076 1171 2131 eramento
1201 2070 1267 2131 in
1294 2069 1598 2151 generali,
1633 2071 1801 2152 quod
1833 2070 1930 2133 vis
1968 2070 2063 2133 eis
2094 2070 2342 2145 collata,
2455 2068 2827 2133 auctoritate
2877 2068 3072 2132 Patris
3121 2075 3186 2132 et
3229 2069 3393 2145 Filii,
3433 2077 3553 2132 etc.
3599 2070 3744 2133 naec
3787 2068 3968 2133 Guil-

845 2184 972 2229 non
1018 2167 1102 2229 sit
1138 2166 1262 2229 nisi
1306 2167 1679 2230 adsistentia
1722 2168 2049 2250 potestatis
2087 2168 2344 2243 divinae,
2457 2168 2707 2231 lelmus.

846 2271 911 2326 et
951 2264 1267 2328 ordinatio
1312 2266 1684 2328 eorumdem
1731 2267 1809 2329 ad
1858 2266 2348 2329 sacramentales
2537 2266 2627 2328 De
2667 2265 3017 2329 cessatione
3057 2267 3316 2329 demum
3357 2266 3681 2348 legalium,
3713 2272 3782 2328 et
3816 2284 3966 2348 spe-

840 2361 1153 2443 el'fectus3
1188 2363 1275 2426 ita
1302 2364 1409 2426 hic
1438 2372 1613 2427 tenet
1637 2365 1717 2427 de
1750 2364 2073 2447 Baptismo
2104 2365 2168 2427 in
2211 2383 2352 2447 spe·
2457 2364 2704 2433 cialiter
2741 2364 3273 2439 circumcisioniS,
3311 2365 3536 2427 Scotus
3583 2363 3809 2427 scribit
3852 2364 3968 2427 hic

550 2482 815 2536 dist.=,q.t,
846 2460 993 2523 ciali
1046 2479 1060 2523 :
1112 2463 1653 2544 quemadmodum
1710 2464 1903 2525 etiam
1962 2482 2177 2545 supra,
2231 2480 2348 2545 pro
2456 2462 2692 2525 diffuse
2723 2470 2786 2525 et
2816 2462 3001 2536 bene,
3036 2480 3311 2545 sequens
3347 2462 3728 2545 positionem
3759 2482 3968 2545 quam

549 2558 593 2599 ¹²·
610 2547 661 2587 ⁵⁶
674 2543 737 2588 ⁰²
846 2558 1335 2624 confirmatione
1365 2581 1496 2625 suae
1524 2562 1844 2645 opinionis
1877 2562 2142 2636 induxit,
2176 2561 2347 2644 quod
2456 2568 2522 2623 et
2558 2560 2617 2623 S.
2643 2560 2914 2625 Thomas
2951 2561 3190 2643 aliique
3221 2560 3970 2635 communiter.—Quod

846 2658 1137 2720 dominus
1186 2658 1562 2722 Guillelmus
1609 2660 1979 2723 Parisiensis
2028 2659 2345 2742 approba·
2455 2666 2668 2721 autem
2706 2659 2926 2741 opinio
2971 2658 3080 2721 illa
3123 2658 3470 2734 Guillelmi,
3503 2658 3848 2723 Alexandri
3893 2678 3972 2722 ac

843 2756 939 2818 vit
966 2757 1551 2821 determinationem
1581 2757 1866 2840 magistri
1895 2757 2236 2821 Alexandri
2267 2758 2346 2819 de
2455 2757 2910 2821 Bonaventurae
2971 2757 3262 2821 videatur
3326 2757 3514 2820 dictis
3579 2757 3970 2821 Sanctorum

844 2854 1029 2917 Hales
1060 2855 1269 2919 taliter
1303 2856 1657 2919 sentientis.
1691 2856 1769 2919 Et
1796 2856 1935 2938 ipse
1964 2856 2346 2920 Guillelmus
2455 2855 2671 2918 minus
2719 2873 3066 2920 consonare
3117 2875 3310 2937 quam
3367 2855 3640 2919 aliorum
3699 2856 3968 2939 positio,

846 2951 915 3013 in
958 2970 1075 3016 suo
1114 2959 1381 3015 tractatu
1424 2954 1864 3017 sacramentali
1903 2955 1981 3017 de
2020 2955 2344 3037 Baptismo
2454 2962 2783 3018 ostensum
2823 2963 2922 3019 est
2963 2974 3174 3037 supra.

1814 3329 2736 3443 DISTINCTIO
2826 3330 2984 3441 lv

896 3617 978 3680 A.
1028 3619 1225 3685 Quod
1270 3619 1412 3680 alii
1453 3617 1861 3691 suscipiunt
1896 3617 2460 3681 sacramentum
2505 3617 2576 3680 et
2621 3631 2811 3692 rem,
2854 3619 2994 3679 alii
3035 3619 3597 3682 sacramentum
3641 3619 3714 3680 et
3767 3635 3930 3686 non

1632 3749 1827 3811 rem,
1880 3736 2022 3798 alii
2065 3749 2231 3798 rem
2276 3734 2347 3797 et
2391 3749 2542 3798 non
2585 3735 3170 3798 sacramentum.

558 4027 829 4143 {2322
1171 4048 1657 4110 sacramentum
1689 4046 1755 4109 et
1790 4061 1922 4108 non
1958 4061 2124 4124 rem,
2167 4045 2426 4126 aliquos
2461 4061 2604 4108 rem
2641 4045 2705 4108 et
2747 4061 2879 4107 non
2912 4047 3420 4108 sacramentum.
3465 4045 3976 4112 Sacramentum

1165 4165 1231 4226 et
1265 4179 1405 4225 rem
1434 4161 1637 4225 simul
1664 4161 2038 4242 suscipiunt
2068 4176 2299 4224 omnes
2336 4160 2618 4242 parvuli,
2651 4159 2768 4242 qui
2806 4161 2875 4222 in
2914 4159 3257 4242 Baptismo
3304 4160 3388 4224 ab
3425 4161 3727 4242 originali
3767 4179 3980 4227 mun-

856 4280 1095 4344 dantur
1143 4278 1454 4361 peccat03
1499 4276 1806 4359 quamvis
1856 4275 2129 4358 quidam
2175 4275 2594 4355 diffiteantur,
2645 4275 2780 4339 illis
2839 4277 2954 4358 qui
3009 4276 3284 4358 perituri
3341 4279 3498 4340 sunt
3548 4277 3850 4359 parvulis
3905 4281 3978 4342 in

564 4419 632 4476 cs.
650 4418 831 4475 augme
855 4395 1197 4478 Baptismo
1227 4393 1475 4457 dimitti
1515 4393 1802 4474 peccata,
1835 4391 2190 4456 innitentes
2227 4391 2327 4455 illi
2355 4391 2552 4456 verbo
2582 4391 2963 4473 Augustini,
2987 4391 3407 4456 Sacramenta
3435 4393 3505 4456 in
3540 4393 3702 4456 solis
3738 4394 3979 4461 electis

560 4481 831 4596 fiffiffit
858 4511 1147 4576 efficiunt
1174 4510 1354 4592 quod
1386 4509 1673 4590 figurant
1704 4527 1719 4569 :
1760 4525 1892 4570 non
1929 4507 2371 4589 intelligentes
2399 4507 2566 4571 illud
2603 4508 2694 4570 ita
2737 4524 2881 4571 esse
2926 4507 3406 4590 accipiendum,
3446 4509 3604 4591 quia
3643 4527 3858 4590 quum
3903 4513 3978 4576 in

561 4609 685 4650 ‘²³⁷‘
856 4627 1006 4691 aliis
1052 4626 1333 4690 efficiant
1380 4625 1788 4689 sacramenta
1839 4623 2320 4704 remissionem,
2358 4640 2493 4687 non
2537 4625 2664 4688 hoc
2709 4623 2808 4688 eis
2859 4623 3110 4687 faciunt
3155 4624 3238 4687 ad
3289 4625 3594 4706 salutem,
3635 4626 3752 4689 sed
3803 4629 3978 4693 solis

856 4744 1102 4808 electis.
1143 4743 1315 4806 Nam
1362 4739 1541 4823 quod
1588 4739 1896 4804 omnihus
1942 4740 2237 4822 parvulis
2283 4741 2353 4804 in
2389 4740 2731 4823 Baptismo
2782 4740 3154 4804 remittatur
3189 4743 3531 4823 peccatum
3578 4759 3694 4824 per
3739 4742 3982 4827 Bapti-

600 4883 832 4929 msneffi·
854 4878 1099 4941 smum,
1150 4857 1567 4940 Augustinus
1625 4857 1961 4922 evidenter
2018 4857 2179 4920 dicit
2221 4878 2235 4919 :
2277 4857 2338 4922 A
2383 4858 2682 4940 parvu10,
2742 4857 2980 4939 inquit,
3039 4856 3331 4918 recenter
3392 4856 3546 4920 nato
3607 4873 3820 4938 usque
3889 4859 3980 4923 ad

561 4947 645 4991 ’ω’
665 4951 789 4992 Μ3·
854 4976 1261 5059 decrepitum
1296 4990 1545 5054 senem,
1584 4974 1757 5037 sicut
1789 4973 2015 5037 nullus
2056 4973 2443 5055 prohibetur
2479 4991 2518 5036 a
2552 4973 2919 5056 Baptismo,
2959 4972 3053 5035 ita
3090 4969 3314 5034 nullus
3355 4973 3457 5035 est
3491 4971 3607 5053 qui
3643 4989 3777 5036 non
3816 4992 3980 5056 pec-

855 5094 998 5157 cato
1044 5093 1365 5156 moriatur
1394 5090 1465 5153 in
1492 5089 1873 5172 Baptismo;
1904 5089 2021 5154 sed
2067 5090 2326 5171 parvuli
2378 5090 2636 5153 tantum
2684 5088 3013 5170 originali,
3049 5086 3334 5168 majores
3375 5104 3528 5152 vero
3579 5089 3782 5153 etiam
3823 5107 3976 5155 om-

853 5209 1050 5274 nibus
1087 5225 1235 5291 quae
1274 5207 1446 5271 male
1482 5206 1765 5271 vivendo
1812 5205 2207 5270 addiderunt
2245 5205 2328 5268 ad
2373 5204 2560 5286 illud,
2601 5204 2731 5268 nisi
2780 5203 3140 5268 enormitas
3175 5202 3329 5267 vitae
3367 5203 3706 5285 impediat,
3749 5205 3822 5268 id
3863 5211 3971 5273 est

853 5325 1054 5388 fictio.
1096 5321 1327 5388 Adulti
1368 5337 1633 5405 quoque
1670 5321 1787 5404 qui
1824 5338 1974 5386 cum
2017 5320 2147 5384 fide
2196 5319 2629 5402 baptizantur,
2661 5319 3146 5385 sacramentum
3181 5319 3248 5383 et
3285 5335 3426 5384 rem
3471 5319 3870 5403 suscipiunt.

560 3963 827 4022 „⁰30‚s„,„-
860 3929 1219 4231 ΗΠ]
1248 3929 1601 3994 dicendum
1630 3931 1751 4010 est,
1792 3929 2054 4011 aliquos
2088 3929 2422 4010 suscipere
2459 3929 2944 3992 sacramentum
2981 3929 3047 3992 et
3081 3945 3224 3992 rem
3259 3930 3673 4009 sacramenti,
3703 3929 3980 4013 aliquos

3999 2974 4092 3027 μω
4101 2968 4190 3021 nsi
4203 2968 4238 3015 n.
