4267 6250
795 500 916 567 430

1449 520 1514 567 m
1553 520 1776 568 Lunum
1816 520 1878 567 1v
1921 518 2407 568 SENTENTIARUH.
2446 536 2527 549 ¹-
2569 520 2721 566 msT.
2759 520 2908 584 xvl;
2952 520 3177 579 QUAEST.
3222 522 3243 567 1

795 690 924 754 lem
961 688 1340 755 sacramenti
1371 689 1697 753 effectum.
1730 688 2149 771 Principalior
2182 708 2292 751 au·
2322 686 2375 751 A
2401 688 2519 763 rio,
2553 688 3020 773 chrysostomo,
3058 690 3188 753 imo
3229 710 3307 754 ex
3350 691 3564 756 verbis
3608 690 3895 774 ipsorum

792 795 924 851 tem
973 788 1246 852 effectus
1303 795 1846 852 sacramentorum
1905 805 2084 851 novae
2133 786 2291 868 legis

792 895 890 951 est
916 888 1341 962 sanctificare,
1374 906 1564 971 quam
1603 886 2178 951 sanctificationem
2210 886 2291 949 si-

791 986 1119 1067 gnificare.
1153 985 1266 1049 Illa
1295 1004 1446 1067 ergo
1489 1005 1632 1068 pars
1674 984 2052 1048 sacramenti
2093 983 2294 1048 Poeni-

793 1084 1009 1148 tentiae
1049 1091 1146 1147 est
1185 1084 1624 1167 principalior,
1667 1102 1808 1165 quae
1857 1101 1935 1145 ex
1979 1083 2042 1145 vi
2091 1100 2294 1144 sacra-

795 1183 993 1245 menti
1045 1182 1245 1263 magis
1293 1189 1668 1264 cooperatur
1711 1181 1791 1243 ad
1849 1179 2293 1243 remissionem

795 1280 1002 1362 culpae
1037 1299 1112 1342 ac
1152 1298 1355 1362 poenae
1393 1286 1666 1353 oeternae,
1698 1297 1840 1361 quae
1883 1278 2296 1341 remittuntur

798 1396 912 1460 per
965 1379 1232 1459 gratiam
1291 1377 1819 1440 sanctificantem.
1875 1376 2295 1458 Compunctio

794 1484 1008 1539 autem
1049 1494 1176 1540 non
1215 1475 1422 1540 solum
1454 1482 1830 1559 cooperatur
1855 1475 1932 1537 ad
1971 1473 2294 1537 remissio-

795 1592 942 1637 nem
990 1574 1232 1657 peccati
1277 1591 1355 1636 ex
1399 1574 1462 1636 vi
1507 1573 1907 1648 sacramenti,
1941 1573 2052 1635 sed
2097 1573 2291 1635 etiam

797 1673 860 1735 in
904 1680 1216 1756 quantum
1258 1680 1354 1736 est
1388 1680 1569 1735 actus
1608 1671 1886 1746 virtutis,
1917 1678 2028 1734 aut
2060 1670 2294 1734 efficax

794 1772 1127 1854 dispositio
1172 1772 1251 1834 ad
1299 1772 1622 1834 virtutem.
1677 1770 2098 1852 compunctio
2144 1786 2295 1851 ergo

2400 795 2553 851 sunt
2590 796 2863 871 sumpta.
2898 789 3058 863 Quid
3094 806 3245 853 vero
3284 790 3539 854 realiter
3575 790 3659 853 sit
3696 789 3899 871 poeni·

2400 886 2599 949 tentia
2640 887 3137 962 sacramentam,
3170 906 3249 950 an
3294 887 3541 951 scilicet
3580 887 3900 951 absolutio

2404 984 2562 1067 ipsa,
2604 1003 2684 1047 an
2728 984 2923 1059 aliud,
2966 1004 3159 1068 supra
3200 986 3621 1068 praehabitum
3672 993 3791 1061 est,
3832 996 3899 1049 et
3926 1010 4264 1067 assumas.

2404 1082 2569 1146 infra
2598 1083 2831 1146 clarius
2858 1084 3271 1165 exprimetur.
3295 1084 3758 1166 Argumentum
3788 1104 3899 1148 au-

2403 1188 2532 1243 tem
2565 1180 2734 1243 Scoti
2764 1181 3043 1243 solutum
3074 1190 3189 1244 est.
3223 1182 3467 1265 Nempe
3496 1182 3615 1246 hoc
3648 1182 3896 1265 probat,

2405 1280 2573 1361 quod
2610 1279 2732 1341 tria
2769 1278 2890 1341 ista
2922 1297 3049 1343 non
3088 1279 3219 1341 sint
3257 1288 3467 1362 partes
3507 1281 3901 1363 poenitentiae

2403 1375 2770 1439 essentiales
2814 1394 2927 1439 seu
2973 1376 3440 1459 quidditativae3
3484 1396 3609 1442 non
3659 1385 3897 1453 autem,

2402 1474 2571 1556 quod
2606 1492 2734 1537 non
2772 1474 2901 1537 sint
2930 1482 3140 1557 partes
3171 1475 3561 1558 poenitentiae
3590 1477 3773 1559 quasi
3810 1478 3903 1539 in·

2400 1572 2688 1654 tegrales.

2483 1672 2643 1735 Hinc
2691 1671 2919 1734 scribit
2962 1672 3296 1735 Durandus
3340 1690 3355 1734 ε
3402 1673 3547 1737 Tria
3592 1674 3727 1737 haec
3770 1692 3901 1739 non

2404 1777 2553 1833 sunt
2584 1778 2793 1852 partes
2826 1770 3217 1852 poenitentiae
3248 1779 3317 1832 ut
3354 1778 3451 1834 est
3480 1772 3685 1835 virtus
3719 1790 3734 1835 :
3770 1773 3901 1836 imo

795 1889 942 1933 cum
989 1870 1107 1933 bac
1151 1878 1418 1953 utra'que
1467 1870 1532 1932 vi
1581 1888 1696 1932 sua
1735 1876 1832 1932 est
1877 1868 2294 1951 principalior
2328 1871 2379 1935 B
2406 1868 2499 1931 sic
2544 1868 2839 1931 contritio
2882 1877 2979 1931 est
3018 1876 3199 1931 actus
3239 1869 3381 1949 ejus
3422 1869 3698 1945 elicitus,
3743 1889 3902 1954 quo-

796 1969 1186 2052 poenitentiae
1232 1988 1394 2051 pars.
1439 1969 1504 2032 Si
1549 1986 1700 2032 vero
1741 1967 2181 2031 consideretur
2229 1967 2293 2030 id

795 2067 873 2130 ad
914 2068 1083 2150 quod
1123 2066 1534 2149 compunctio
1572 2073 1948 2149 cooperatur
1983 2083 2062 2128 ex
2092 2066 2156 2128 vi
2198 2084 2294 2128 sa-

797 2166 1106 2229 cramenti
1153 2172 1423 2240 tantum,
1455 2165 1548 2227 sic
1590 2166 1801 2248 potior
1841 2171 1938 2227 est
1977 2164 2295 2227 absolutio

798 2264 1142 2327 sacerdotis
1167 2280 1181 2326 :
1206 2264 1358 2346 quia
1385 2282 1587 2347 quum
1617 2264 1701 2326 sit
1731 2262 1960 2327 Christi
1991 2262 2292 2337 vicarius,

799 2381 914 2446 per
963 2364 1142 2445 prius
1189 2362 1738 2445 principaliusque
1785 2361 2034 2425 adsistit
2079 2361 2295 2425 verbis

797 2462 953 2533 suiS‚
997 2462 1063 2523 in
1105 2461 1342 2544 quibus
1385 2460 1676 2524 consistit
1717 2460 2127 2524 sanctificans
2169 2461 2293 2523 vir-

794 2567 900 2622 tus
927 2559 1362 2635 absolutionis,
1375 2578 1570 2643 quam
1600 2558 1884 2642 partibus
1913 2559 2292 2622 sacramenti

794 2677 938 2741 quae
983 2665 1133 2721 sunt
1189 2676 1266 2721 ex
1323 2665 1501 2740 parte
1557 2656 1945 2721 confitentis.
2007 2657 2151 2721 Haec
2197 2656 2298 2720 Ri-

796 2757 1088 2820 chardus.

876 2855 1190 2937 Deinceps
1221 2854 1444 2918 Scotus
1479 2854 1651 2916 circa
1687 2855 1823 2917 haec
1851 2854 2066 2936 aliqua
2103 2852 2296 2918 intro-

795 2952 994 3027 ducit,
1037 2953 1327 3016 eamdem
1375 2971 1522 3014 cum
1567 2952 1983 3034 praeallegatis
2027 2951 2295 3016 doctori-

2404 1967 2576 2030 niam
2626 1974 2804 2029 actus
2850 1968 3242 2049 poenitentiae
3287 1968 3381 2031 sic
3431 1977 3753 2052 acceptus,
3804 1977 3903 2032 est

2404 2064 2669 2128 actualis
2697 2064 3103 2146 displicentia
3133 2066 3211 2128 de
3241 2072 3501 2147 peccato
3532 2066 3898 2141 commisso,

2404 2170 2469 2226 et
2510 2163 2645 2228 haec
2687 2163 3092 2245 displicentia
3132 2171 3336 2227 exstat
3378 2165 3695 2229 contritio.
3744 2165 3902 2229 Gon-

2405 2260 2601 2324 fessio
2629 2278 2781 2325 vero
2818 2269 2885 2325 et
2921 2260 3269 2326 satisfactio
3306 2270 3456 2325 sunt
3492 2270 3673 2326 actus
3704 2263 3903 2346 impe-

2407 2360 2523 2422 rati
2562 2380 2601 2423 a
2635 2360 3012 2443 poenitentia
3052 2360 3263 2424 taliter
3298 2369 3571 2445 sumpta.
3604 2361 3751 2427 Haec
3780 2363 3903 2425 Du·

2406 2459 2660 2522 raudus,
2694 2495 2774 2506 —
2802 2458 2917 2535 Qui
2956 2466 3420 2543 consequenter
3447 2460 3696 2543 probat,
3727 2462 3899 2543 quod

2406 2558 2724 2621 confessio
2780 2566 2846 2621 et
2900 2556 3250 2621 satisfactio
3306 2576 3435 2622 nou
3492 2568 3644 2623 sunt
3688 2566 3901 2642 partes

2403 2657 2795 2721 Poenitentiae
2832 2658 3237 2732 sacramenti,
3281 2657 3599 2740 loquendo
3638 2658 3719 2721 de
3764 2677 3905 2741 par-

2404 2754 2577 2818 tibus
2625 2755 2883 2838 proprie
2940 2756 3239 2838 sumptiS,
3284 2756 3349 2818 id
3404 2764 3503 2819 est
3548 2756 3903 2820 essentiali·

2406 2853 2549 2929 buS,
2582 2872 2709 2917 non
2748 2861 2963 2917 autem
2992 2854 3163 2937 quod
3204 2872 3331 2917 non
3368 2854 3495 2917 sint
3533 2854 3715 2938 quasi
3758 2874 3903 2937 par·

2404 2960 2500 3015 tes
2559 2953 2897 3034 integrales
2954 2953 3035 3015 ad
3096 2952 3446 3035 perfectam
3504 2954 3903 3037 poenitentiae

797 3050 916 3117 bus
979 3052 1360 3115 sententiam
1409 3051 1744 3115 obscurius
1793 3051 2181 3134 exprimens,
2232 3058 2296 3114 et
2331 3056 2373 3120 C
2406 3049 2885 3114 consistentiam
2939 3051 3283 3135 requisita,
3337 3052 3655 3136 loquendo
3702 3051 3899 3116 etiam

795 3168 912 3233 pro
960 3159 1138 3233 parte
1177 3149 1260 3213 ab
1306 3150 1467 3234 ipsis
1507 3151 1888 3213 dissentiens
1931 3170 1945 3215 :
1986 3150 2295 3215 Contritio

792 3248 1090 3330 (dicens),
1115 3248 1434 3313 confessio
1463 3257 1528 3312 et
1557 3248 1926 3324 satisfactio,
1951 3249 2129 3313 nullo
2160 3267 2292 3312 mo-

794 3348 876 3411 do
923 3355 1074 3411 sunt
1119 3355 1330 3430 partes
1388 3348 1780 3430 poenitentiae
1828 3356 1898 3410 ut
1945 3357 2042 3411 est
2087 3367 2293 3410 sacra·

797 3454 1107 3523 mentum,
1171 3447 1476 3530 quoniam
1545 3447 1920 3530 poenitentia
1984 3466 2126 3530 quae
2196 3455 2294 3510 est

793 3553 1285 3619 sacramentum,
1337 3563 1465 3609 non
1513 3552 1611 3608 est
1660 3544 1782 3607 nisi
1832 3544 2149 3608 absolutio
2196 3565 2291 3608 sa-

792 3643 1221 3718 cramentaliS,
1263 3643 1426 3706 facta
1475 3643 1596 3706 sub
1638 3643 1828 3706 certis
1870 3643 2106 3718 verbiS‚
2149 3663 2291 3726 quae

793 3750 890 3828 est
919 3742 1075 3824 quid
1105 3742 1534 3805 extrinsecum
1555 3761 1569 3806 ε
1589 3741 1776 3824 cujus
1806 3741 2122 3818 contritio,
2148 3761 2292 3825 quae

793 3848 889 3904 est
931 3841 1086 3924 quid
1129 3840 1459 3923 spirituale
1504 3840 1570 3902 in
1613 3840 1847 3914 anima,
1880 3840 2059 3903 nullo
2101 3841 2293 3904 modo

791 3947 888 4002 est
917 3957 1099 4022 pars3
1140 3957 1350 4022 neque
1383 3939 1722 4013 confessio,
1754 3959 1898 4022 quae
1928 3957 2053 4002 non
2085 3948 2183 4003 est
2211 3941 2292 4003 de

792 4038 1068 4101 essentia
1116 4036 1536 4100 absolutionis
1586 4036 1782 4112 illius,
1825 4037 1956 4102 imo
2003 4045 2291 4120 tempore

791 4155 931 4200 eam
991 4135 1333 4219 praecedit3
1391 4135 1740 4199 satisfactio
1795 4153 1948 4199 vero
2001 4137 2293 4220 sequitur

791 4252 952 4298 eam.
989 4236 1133 4299 Haec
1176 4235 1418 4298 Scotus.

870 4335 960 4396 De
998 4351 1128 4416 quo
1164 4351 1292 4396 non
1335 4333 1655 4396 immerito
1693 4333 2029 4398 admiratio
2061 4335 2289 4411 oritur,

792 4433 960 4515 quod
993 4450 1122 4495 non
1151 4432 1480 4495 erubuerit
1509 4450 1584 4495 ea
1613 4431 1914 4506 scribere,
1940 4433 2118 4514 quasi
2151 4433 2291 4496 nul-

794 4529 892 4592 lus
959 4529 1456 4613 praecedentium
1515 4529 1648 4612 jam
1710 4529 2118 4612 praefatorum
2176 4531 2289 4593 do-

793 4634 1041 4691 ctorum
1103 4627 1488 4690 intellexerit
1544 4626 1699 4711 quid
1760 4627 1843 4690 sit
1898 4627 2289 4693 Poenitentiae

790 4734 1283 4802 sacramentum,
1326 4745 1439 4789 seu
1487 4727 1624 4809 ipsa
1669 4726 2046 4808 poenitentia
2085 4734 2155 4789 ut
2194 4735 2290 4791 est

789 4833 1284 4901 sacramentum,
1316 4833 1380 4889 et
1425 4845 1566 4908 quae
1610 4833 1758 4888 sunt
1801 4833 2012 4907 partes
2063 4825 2285 4908 ipsius,

789 4925 938 4988 Ideo
983 4926 1059 4988 ad
1111 4923 1624 5007 reprobationem
1673 4923 1868 5004 hujus
1909 4923 2062 4986 dicti
2109 4924 2291 4987 suffi-

789 5023 936 5098 ciat,
989 5025 1162 5107 quod
1209 5031 1300 5087 tot
1349 5023 1645 5087 solennes
1694 5021 2133 5105 praecipuique
2182 5024 2289 5086 do-

789 5129 994 5185 ctores
1033 5121 1429 5203 seripserunt
1461 5119 1872 5194 contrarium,
1905 5127 1971 5182 et
1997 5121 2291 5202 Magister

790 5219 856 5282 in
889 5219 1096 5283 littera
1124 5236 1138 5281 :
1172 5237 1446 5302 quorum
1477 5219 1646 5282 dicta
1675 5226 2026 5282 consonant
2053 5219 2292 5282 sanctis

787 5317 1187 5394 Doctoribus,
1236 5316 1610 5400 Augustino,
1661 5317 2064 5400 Hieronymo,
2115 5317 2283 5381 Hila-

2404 3151 2484 3213 de
2536 3150 2967 3214 satisfactione
3025 3159 3215 3233 prout
3271 3159 3369 3214 est
3426 3151 3491 3214 in
3552 3171 3619 3215 re
3667 3152 3767 3216 vel
3829 3153 3899 3216 in

2403 3249 2749 3332 proposito.

2482 3448 2562 3510 At
2603 3463 2755 3509 vero
2797 3446 3067 3509 Thomas
3112 3445 3281 3509 circa
3318 3447 3452 3512 liaec
3493 3448 3723 3512 multas
3764 3468 3900 3513 mo-
3928 3473 4241 3526 Qunam„

2403 3554 2510 3608 vet
2558 3544 2745 3607 utiles
2804 3543 3204 3628 quaestiones.
3257 3544 3465 3608 Prima
3508 3553 3625 3620 est,
3678 3553 3898 3611 utrum
3928 3539 4103 3582 '⁸¹²⁵‘-

2403 3643 2652 3708 veniale
2690 3651 3021 3725 peccatum
3062 3643 3264 3726 possit
3300 3643 3535 3706 dimitti
3570 3645 3903 3710 voluntate

2402 3742 2479 3805 ad
2530 3742 2688 3804 illud
2739 3749 3054 3804 manente.
3102 3740 3461 3824 Respondet
3504 3759 3519 3804 ε
3558 3742 3898 3809 Peccatum

2404 3839 2737 3924 quodlibet
2771 3846 2982 3922 potest
3020 3839 3255 3902 dimitti
3293 3849 3605 3923 quantum
3633 3843 3713 3905 ad
3744 3843 3898 3920 duo,

2402 3938 2703 4002 videlicet
2729 3944 3041 4021 quantum
3070 3937 3148 4000 ad
3180 3938 3459 4020 culpam,
3492 3947 3557 4002 et
3583 3949 3901 4023 quantum

2401 4038 2479 4101 ad
2510 4056 2785 4120 poenam.
2818 4035 2945 4099 Nec
2976 4035 3270 4099 remissio
3298 4045 3607 4119 quantum
3647 4039 3726 4102 ad
3764 4059 3905 4123 poe-

2403 4156 2575 4210 nam,
2625 4142 2835 4218 potest
2882 4153 3022 4198 esse
3070 4133 3209 4197 sine
3262 4135 3639 4200 remissione
3686 4141 3901 4220 quoad

2321 4239 2371 4301 D
2402 4234 2656 4317 culpam
2694 4251 2707 4296 :
2742 4234 2894 4317 quia
2930 4233 3235 4315 quamdiu
3277 4241 3492 4298 manet
3524 4235 3735 4318 culpa,
3770 4255 3904 4301 ma-

2401 4340 2512 4396 net
2541 4332 2829 4396 debitum
2860 4349 3083 4414 poenae.
3119 4331 3319 4415 Culpa
3350 4351 3503 4396 vero
3542 4333 3607 4395 in
3647 4334 3903 4399 deordi-

2402 4433 2657 4496 natione
2698 4430 3043 4495 voluntatis
3091 4431 3382 4494 consistit
3424 4449 3439 4494 :
3488 4431 3727 4496 idcirco
3766 4453 3901 4499 non

2401 4539 2611 4614 potest
2646 4531 2837 4614 culpa
2877 4529 3135 4606 dimitti,
3178 4530 3303 4593 nisi
3345 4531 3747 4595 reordinetur
3788 4552 3901 4598 vo·

2403 4629 2610 4692 luntas
2636 4647 2652 4708 ;
2684 4629 2852 4711 quod
2895 4627 3039 4691 fieri
3070 4628 3314 4712 nequit,
3346 4629 3655 4711 quamdiu
3686 4631 3751 4693 in
3782 4651 3903 4696 sua

2400 4728 2878 4793 deordinatione
2926 4727 3227 4811 persistit.
3269 4728 3431 4791 Hinc
3468 4729 3719 4792 veniale
3768 4749 3901 4796 nou

2402 4834 2609 4909 potest
2663 4826 2923 4900 dimitti,
2976 4825 3282 4908 quamdiu
3329 4826 3623 4890 voluntas
3684 4837 3902 4892 manet

2400 4926 2479 4988 ad
2530 4924 2707 4987 illud.
2761 4926 3213 4987 Verumtamen
3262 4924 3513 4988 veniale
3560 4934 3899 5008 peccatum

2398 5023 2742 5106 aliquando
2778 5022 3123 5086 dimittitur
3154 5022 3211 5086 ei
3243 5023 3355 5106 qui
3385 5041 3511 5086 non
3542 5024 3737 5087 habet
3771 5025 3903 5088 dis-

2400 5121 2770 5205 plicentiam
2809 5120 3121 5184 actualem
3161 5121 3241 5184 de
3280 5138 3375 5196 eo,
3420 5130 3492 5184 ut
3536 5121 3617 5184 de
3667 5131 3899 5207 marty·

2400 5219 2579 5283 ribus
2626 5227 2891 5294 constat,
2939 5219 3051 5302 qui
3102 5237 3249 5284 mox
3300 5219 3553 5283 evolant
3597 5223 3897 5305 quamvis

2398 5319 2613 5383 forsan
2640 5319 2719 5381 de
2749 5316 3109 5382 venialibus
3136 5318 3271 5381 suis
3308 5317 3518 5402 culpis
3557 5335 3687 5382 uon
3724 5321 3897 5404 eogi-
