4267 6250
801 516 890 563 Art
928 514 1447 565 sansucrtoffl
1485 514 1798 565 OPORTEAT
1835 513 1998 561 nm
2037 514 2155 561 m
2192 513 2394 563 orm
2433 512 2753 571 mana,
2790 512 2921 561 tre.

3292 492 3414 559 393

319 706 504 773 aquo
537 689 758 753 animo
799 696 864 751 et
904 687 1168 770 psallat3
1199 704 1330 752 non
1359 687 1616 752 videtur
1655 686 1824 749 inter
1850 685 1901 749 A
1926 685 2217 750 offensus
2246 694 2360 749 est.
2392 686 2761 769 Adaequatio
2790 692 3006 748 autem
3036 683 3103 747 in
3140 684 3422 748 humana

319 804 513 869 opera
555 785 978 850 satisfactoria
1025 804 1166 849 esse
1213 785 1524 868 ponenda.
1557 820 1640 831 —
1665 784 1821 848 Rur-

320 903 452 959 sus,
485 884 838 948 lacrimatio
877 883 1232 967 praesertim
1269 882 1690 945 satisfactoria
1726 888 1824 944 est

323 1000 438 1064 pro
467 982 696 1065 culpis.
725 984 885 1047 Item
917 983 1058 1065 ipsa
1085 980 1384 1047 contritio
1413 988 1477 1043 et
1505 979 1821 1044 confessio

323 1088 474 1143 sunt
513 1080 920 1145 satisfactivae
962 1098 1078 1162 pro
1116 1080 1314 1153 vitiis,
1346 1087 1410 1142 et
1447 1078 1822 1142 satisfactio·

321 1197 434 1241 noe
466 1196 582 1260 pro
617 1178 778 1261 ipsis
811 1196 826 1241 ε
859 1196 1011 1260 ergo
1049 1176 1400 1241 satisfactio
1437 1194 1566 1239 non
1603 1175 1824 1239 differt

320 1294 358 1339 a
397 1277 782 1339 contritione
823 1283 888 1339 et
927 1275 1348 1339 confessione.

399 1473 581 1537 Circa
628 1473 768 1537 haec
813 1472 1040 1536 scribit
1081 1472 1382 1535 Albertus
1413 1490 1430 1535 ε
1463 1470 1822 1535 Satisfactio

321 1590 446 1635 non
505 1572 746 1634 dicitur
793 1571 902 1633 hic
958 1589 1150 1634 omne
1196 1570 1357 1633 illud
1405 1570 1576 1651 quod
1634 1568 1822 1633 solvit

323 1670 576 1753 culpam
607 1669 828 1752 aliquo
859 1670 1070 1743 modo,
1101 1676 1212 1732 aut
1251 1686 1506 1751 poenam
1541 1666 1820 1730 debitam

321 1768 544 1851 culpae,
600 1768 710 1831 sed
761 1766 922 1831 illud
978 1768 1150 1850 quod
1209 1766 1570 1849 injunctum
1617 1772 1718 1829 est
1759 1772 1825 1827 ct

1925 783 2175 865 justitia
2220 784 2567 848 attenditur
2614 802 2731 866 per
2786 783 3287 847 subtractionem
3341 783 3422 846 ab

1931 900 2060 945 uno
2090 883 2200 965 qui
2240 882 2465 946 habuit
2502 882 2647 965 plus
2682 883 2877 965 juste,
2910 890 2975 945 et
3015 902 3129 965 per
3164 882 3429 946 additio-

1931 1002 2080 1045 nem
2127 983 2209 1045 ad
2260 982 2533 1045 alterum
2582 981 2689 1044 cui
2734 981 3131 1045 subtractum
3176 989 3275 1044 est
3317 982 3428 1044 ali-

1931 1080 2099 1163 quid.
2125 1079 2426 1154 Quamvis
2453 1087 2667 1143 autem
2700 1080 2849 1151 Deo,
2882 1086 3193 1161 quantum
3222 1086 3319 1143 est
3348 1098 3426 1143 ex

1931 1184 2108 1259 parte
2144 1177 2269 1249 sui,
2302 1176 2394 1239 nil
2433 1176 2722 1239 subtrahi
2758 1176 2995 1259 possit3
3027 1184 3240 1238 tamen
3282 1196 3427 1259 pec-

1931 1282 2126 1347 cator,
2162 1282 2471 1356 quantum
2503 1273 2571 1336 in
2602 1292 2671 1337 se
2700 1282 2819 1349 est,
2840 1273 3159 1337 subtrahit
3184 1273 3427 1357 aliquid

1931 1372 2082 1448 Deo,
2115 1379 2336 1454 utpote
2374 1372 2663 1436 debitum
2706 1373 3015 1436 honorem
3053 1380 3119 1434 et
3156 1372 3423 1435 cultum.

1931 1471 2107 1534 Unde
2148 1478 2398 1553 oportet
2432 1472 2511 1533 ad
2550 1471 2671 1533 hoc
2713 1471 2885 1553 quod
2922 1470 3429 1553 recompensatio

1933 1568 2068 1643 fiat,
2101 1569 2274 1650 quod
2312 1568 2555 1651 aliquid
2594 1568 3004 1632 subtrahatur
3043 1588 3082 1632 a
3124 1576 3427 1651 peccante

1932 1686 2048 1751 per
2075 1666 2599 1741 satisfactionem,
2633 1668 2803 1749 quod
2841 1667 3025 1729 cedat
3062 1667 3127 1729 in
3168 1667 3281 1730 Dei
3318 1668 3429 1730 ho-

1933 1784 2176 1830 norem.
2210 1766 2331 1830 Sed
2370 1784 2531 1849 opus
2565 1765 2807 1830 bonum
2836 1786 2915 1829 cx
2948 1766 3069 1829 hoc
3108 1768 3279 1850 quod
3312 1766 3429 1829 hu-

321 1874 602 1929 taxatum
643 1865 709 1928 vi
751 1864 1032 1928 clavium
1077 1866 1432 1928 secundum
1475 1863 1820 1927 sacerdotis
1853 1862 1902 1927 B
1929 1864 2235 1947 jusmodi,
2268 1882 2395 1927 non
2426 1864 2745 1927 subtrahit
2779 1863 3023 1946 aliquid
3051 1864 3132 1928 ab
3166 1882 3430 1947 operan-

319 1964 678 2027 arbitrium.
711 1963 826 2027 Illa
868 1964 1042 2028 enim
1091 1981 1282 2046 poena
1327 1962 1686 2027 voluntaria
1725 1969 1822 2025 est

321 2062 723 2146 simpliciter,
757 2070 822 2126 et
858 2062 1147 2126 ordinata
1183 2063 1537 2125 secundum
1575 2060 1824 2143 quanti-

323 2168 512 2225 tatem
544 2160 785 2223 delicti.
810 2161 1044 2224 Verum
1075 2160 1144 2223 in
1173 2160 1556 2223 contritione
1585 2166 1648 2221 et
1677 2176 1824 2221 con-

323 2259 599 2323 fessione
625 2266 780 2321 sunt
807 2258 1350 2341 poenae,videlicet
1376 2257 1556 2321 dolor
1585 2257 1651 2320 in
1681 2274 1825 2320 con·

325 2358 599 2431 tritione,
629 2364 696 2419 et
725 2357 932 2439 pudor
961 2356 1027 2418 in
1057 2354 1479 2431 confessione,
1501 2375 1642 2438 quae
1672 2363 1823 2419 sunt

325 2474 524 2539 poenae
555 2473 635 2518 ex
663 2463 892 2517 natura
920 2460 1216 2535 corrupta
1244 2453 1506 2517 inflictae
1536 2472 1654 2536 pro
1683 2471 1824 2536 pec-

325 2561 482 2627 cato,
515 2572 636 2617 nec
683 2559 980 2615 taxantur
1025 2570 1144 2614 nec
1193 2550 1551 2615 limitantur
1594 2570 1818 2614 secun-

323 2654 470 2717 dum
499 2660 758 2734 tempus
789 2658 1036 2713 certum
1069 2666 1084 2712 :
1120 2650 1250 2713 imo
1278 2657 1516 2731 quanto
1547 2647 1819 2732 majores

323 2759 487 2824 sunt,
531 2756 708 2813 tanto
755 2756 852 2812 est
899 2748 1154 2822 melius,
1191 2747 1540 2811 dummodo
1585 2748 1818 2811 discre-

323 2858 456 2913 tum
485 2855 552 2913 et
581 2846 960 2911 rationabile
988 2852 1192 2910 exstet
1223 2846 1627 2928 obsequium.
1659 2846 1820 2909 Hinc

323 2946 612 3031 quamvis
657 2965 774 3029 per
816 2964 924 3009 cas
967 2952 1304 3027 peccatum
1345 2944 1659 3027 expietur,
1693 2962 1820 3008 non

1931 1970 2015 2035 te,
2049 1962 2181 2023 imo
2209 1960 2421 2043 potius
2450 1960 2709 2044 perficit
2735 1961 2971 2043 ipsum.
3004 1961 3098 2025 Ad
3127 1962 3248 2025 hoc
3278 1979 3430 2043 ergo

1931 2060 2102 2142 quod
2131 2076 2295 2141 opus
2322 2058 2407 2121 sit
2434 2058 2949 2133 satisfactorium,
2982 2066 3231 2142 oportet
3258 2060 3429 2142 quod

1931 2158 2017 2220 sit
2058 2157 2326 2232 bonum,
2372 2165 2445 2220 ut
2491 2158 2675 2220 cedat
2722 2157 2788 2219 in
2838 2158 2951 2220 Dei
2994 2157 3322 2230 honorem,
3365 2165 3431 2219 et

1917 2256 2206 2339 ‘poenalc,
2226 2264 2540 2339 quatenus
2569 2255 2889 2337 peccatori
2914 2255 3157 2337 aliquid
3186 2256 3431 2319 subtra-

1930 2354 2139 2429 hatur,
2172 2363 2327 2437 puta
2365 2355 2610 2438 aliquid
2652 2355 3089 2420 delectationis
3135 2364 3246 2417 aut
3292 2372 3427 2419 cor-

1931 2452 2169 2535 poralis
2208 2453 2460 2535 quietis.
2497 2452 2923 2517 conformiter
2950 2472 3138 2536 poena
3167 2473 3429 2536 praeser-

1931 2558 2038 2613 vat
2077 2570 2115 2613 a
2153 2549 2345 2633 culpa
2382 2549 2618 2626 futura,
2650 2551 2803 2633 quia
2839 2568 2967 2614 non
3009 2551 3197 2615 facile
3233 2552 3427 2615 homo

1931 2649 2010 2711 ad
2060 2656 2320 2730 peccata
2376 2648 2715 2712 revertitur
2762 2669 2842 2712 ex
2888 2650 3123 2733 quibus
3170 2668 3423 2731 poenam

1931 2765 2309 2832 perpessum
2338 2766 2405 2811 se
2444 2748 2829 2811 recordatur.
2862 2749 3008 2812 Ideo
3048 2766 3251 2831 poenae
3278 2757 3429 2811 sunt

1933 2846 2290 2920 medicinae,
2320 2855 2387 2909 et
2414 2864 2635 2910 earum
2664 2847 2895 2910 timore
2923 2847 3115 2911 homo
3146 2868 3183 2910 a
3212 2866 3428 2930 pecca-

1931 2946 2014 3007 tis
2055 2945 2417 3008 retrahitur.

323 3054 532 3109 tamen
573 3052 724 3107 sunt
768 3042 1206 3107 satisfactoriae
1255 3043 1607 3106 secundum
1652 3043 1820 3126 judi·
1850 3042 1896 3107 G
2009 3044 2091 3105 At
2118 3061 2272 3106 vero
2309 3044 2817 3127 recompensatio
2853 3043 3120 3109 offensae
3149 3045 3426 3128 praeteri-

324 3145 492 3208 cium
523 3152 714 3226 atque
740 3142 1082 3206 arbitrium
1113 3142 1234 3205 fori
1265 3141 1705 3206 confessionis.
1730 3143 1822 3205 Id-

325 3244 492 3306 circo
521 3243 656 3306 haec
688 3261 836 3324 pars
864 3261 1009 3324 quae
1037 3249 1135 3304 est
1161 3241 1531 3316 satisfactio,
1549 3241 1630 3304 ab
1663 3241 1820 3325 ipsis

325 3341 752 3422 distinguitur.
801 3341 1128 3414 Praeterea,
1178 3340 1360 3403 dolor
1407 3339 1474 3402 in
1521 3340 1816 3414 contrito,

325 3448 387 3503 et
431 3441 636 3522 pudor
685 3439 752 3502 in
812 3437 1184 3513 confitente,
1236 3455 1362 3502 non
1421 3439 1646 3501 dicunt
1693 3439 1820 3502 nisi

327 3557 578 3620 poenam
641 3536 1034 3600 interiorem.
1097 3537 1458 3600 Satisfactio
1513 3554 1665 3600 vero
1725 3546 1822 3600 est

325 3637 512 3698 etiam
543 3635 700 3698 foris
733 3635 799 3697 in
841 3641 1190 3717 conspectu
1222 3633 1522 3698 Ecclesiae
1560 3652 1674 3697 seu
1705 3636 1818 3697 mi-

325 3733 504 3796 nistri
538 3751 554 3795 :
589 3741 852 3815 propter
880 3733 1052 3814 quod
1093 3740 1244 3794 tunc
1282 3739 1452 3794 totus
1485 3731 1676 3795 homo
1705 3751 1822 3814 pu-

326 3831 516 3905 nitur,
576 3830 882 3914 quoniam
943 3847 1132 3913 poena
1190 3829 1456 3893 interior
1511 3831 1824 3893 redundat

325 3929 739 4003 extrinsecus,
759 3935 822 3992 et
853 3928 1297 3991 manifestatur
1325 3927 1392 3990 in
1425 3945 1708 4010 corpore.
1729 3927 1822 3991 Ob

327 4027 462 4102 hoc,
491 4035 565 4090 ut
589 4027 789 4109 aliqui
821 4026 1066 4100 dicunt,
1090 4027 1226 4090 haec
1256 4045 1402 4108 pars
1433 4026 1823 4108 poenitentiae

327 4124 672 4189 satisfactio
709 4124 1035 4207 praecipue
1071 4125 1456 4188 nominatur.
1491 4123 1700 4187 Prima
1734 4130 1822 4186 ta-

1930 3151 2010 3206 tae
2052 3142 2197 3206 fieri
2236 3150 2445 3226 potest
2472 3143 2553 3206 ab
2583 3162 2659 3207 eo
2696 3144 2810 3226 qui
2844 3143 3138 3219 offendit,
3170 3152 3235 3208 et
3274 3145 3427 3207 item

1931 3241 2013 3304 ab
2040 3241 2189 3304 alio.
2222 3242 2557 3324 Quumque
2590 3242 2671 3304 ab
2708 3242 2837 3305 alio
2876 3242 2972 3317 fit,
3006 3243 3207 3324 magis
3246 3243 3428 3306 sorti-

1931 3347 2037 3402 tur
2085 3339 2395 3402 rationem
2442 3339 2889 3403 vindicationis
2946 3360 3139 3423 quam
3181 3341 3429 3406 satisfa-

1932 3438 2181 3502 ctionis.
2216 3437 2336 3499 Sed
2381 3439 2633 3519 quando
2672 3437 2752 3500 fit
2791 3439 2872 3501 ab
2908 3438 3247 3514 offensore,
3287 3460 3429 3524 pro-

1932 3537 2070 3620 prie
2099 3533 2445 3598 satisfactio
2468 3536 2837 3618 appellatur.
2848 3538 3061 3619 ltaque
3089 3539 3144 3601 si
3172 3539 3429 3620 flagella

1931 3654 2073 3718 quae
2132 3651 2247 3717 pro
2312 3633 2587 3716 peccatis
2650 3634 2959 3698 divinitus
3020 3636 3423 3718 infliguntur,

1929 3733 2090 3796 fiant
2117 3732 2334 3815 aliquo
2364 3732 2551 3796 modo
2580 3732 2782 3815 ipsius
2811 3733 3127 3816 patientis,
3146 3735 3234 3799 ita
3262 3738 3428 3818 quod

1930 3838 2343 3913 acceptantur
2386 3830 2468 3893 ab
2522 3849 2619 3906 eo,
2664 3839 2729 3893 et
2776 3831 3090 3914 patienter
3135 3834 3430 3898 feruntur

1932 3949 2048 4012 pro
2106 3929 2385 4011 peccatis
2440 3929 2521 3991 ad
2577 3929 2690 3991 Dei
2738 3929 3068 4007 honorem,
3118 3933 3427 3995 rationem

1931 4026 2382 4090 satisfactionis
2428 4027 2788 4108 accipiunt3
2836 4046 2966 4092 non
3000 4036 3237 4104 autem,
3268 4031 3323 4093 si
3368 4031 3427 4094 ei

1931 4125 2195 4187 omnino
2232 4123 2630 4206 displiceant.
2664 4124 2826 4187 Hinc
2863 4132 3023 4188 teste
3049 4127 3425 4208 AugustinO,

331 4240 472 4285 men
519 4222 755 4286 solutio
801 4229 900 4285 est
950 4222 1200 4296 melior,
1252 4222 1402 4304 quia
1451 4229 1522 4284 ut
1578 4222 1822 4284 dictum
1852 4221 1904 4286 D
1931 4223 2467 4306 quemadmodum
2498 4242 2576 4286 ex
2617 4223 2841 4287 eodem
2881 4224 3025 4305 igne
3063 4243 3292 4288 aurum
3324 4245 3428 4289 ru-

102 4327 307 4384 Cl-aaew.
331 4327 440 4394 est,
489 4319 844 4384 satisfactio
898 4319 1163 4402 respicit
1202 4319 1522 4400 judicium
1573 4319 1820 4382 arbitrii

329 4417 669 4481 voluntatis
710 4418 964 4482 divinae.
1011 4417 1154 4481 Haec
1196 4416 1517 4480 Albertus.

403 4515 592 4578 Porro
621 4515 894 4579 Thomas
932 4514 1237 4577 diffusius
1279 4513 1546 4597 loquens
1581 4533 1596 4577 :
1629 4515 1820 4578 Satis-

325 4612 534 4688 factio‚
568 4613 800 4696 inquit,
832 4612 1098 4695 respicit
1135 4613 1214 4677 ad
1255 4613 1511 4695 culpam
1543 4613 1820 4696 praeteri-

325 4719 470 4786 tam,
504 4729 623 4794 pro
651 4730 779 4794 qua
805 4729 922 4794 per
949 4711 1154 4793 ipsam
1184 4711 1264 4773 fit
1291 4711 1818 4794 recompensatio,

325 4819 387 4874 et
411 4813 486 4874 ad
519 4812 778 4894 culpam
809 4812 1113 4885 futuram,
1131 4830 1170 4874 a
1197 4828 1324 4893 qua
1353 4829 1468 4894 per
1495 4811 1824 4875 satisfacti-

321 4926 502 4974 onem
534 4925 1026 4993 praeservamur3
1047 4916 1112 4972 et
1139 4916 1452 4991 quantum
1477 4909 1554 4972 ad
1580 4917 1823 4973 utrum-

325 5025 444 5088 que
487 5007 768 5089 exigitur
823 5007 996 5091 quod
1051 5005 1402 5070 satisfactio
1460 5025 1575 5089 per
1629 5025 1823 5091 opera

327 5104 436 5168 fiat
463 5107 752 5189 poenalia.
769 5106 1274 5187 Recompensatio
1297 5106 1538 5189 quippe
1566 5105 1826 5170 offensae

329 5202 622 5287 importat
667 5205 1012 5287 quamdam
1059 5204 1585 5287 adaequationem,
1627 5223 1818 5286 quam

330 5309 572 5385 oportet
599 5321 740 5367 esse
768 5302 911 5385 ejus
942 5302 1056 5386 qui
1083 5302 1376 5378 offendit,
1407 5304 1487 5366 ad
1526 5321 1675 5366 eum
1705 5302 1815 5384 qui

1931 4322 2093 4395 tilat,
2136 4328 2203 4384 et
2240 4321 2420 4404 palea
2458 4321 2698 4401 fumat3
2738 4323 2825 4384 ita
2869 4321 3112 4386 eisdem
3154 4324 3429 4406 flagellis

1932 4420 2084 4483 boni
2115 4426 2491 4502 purgantur,
2524 4428 2589 4483 et
2628 4420 2777 4482 mali
2811 4439 2925 4502 per
2962 4421 3429 4504 impatientiam

1933 4519 2369 4601 inquinantur.
2412 4519 2712 4593 Quamvis
2756 4527 2969 4582 autem
3016 4520 3273 4602 flagella
3316 4541 3430 4585 seu

1933 4634 2139 4700 poenae
2168 4622 2531 4698 respectum
2571 4615 2845 4680 habeant
2872 4618 2951 4680 ad
2985 4618 3239 4701 culpam
3274 4638 3430 4702 prae-

1931 4714 2209 4789 teritam,
2266 4728 2393 4776 non
2452 4720 2665 4775 tamen
2723 4733 2979 4797 semper
3034 4716 3113 4778 ad
3172 4717 3429 4799 culpam

1932 4830 2240 4896 personae,
2272 4810 2383 4873 sed
2424 4810 2793 4892 frequenter
2828 4813 2903 4874 ad
2949 4814 3205 4897 culpam
3249 4823 3428 4878 natu-

1931 4931 2033 4975 rae.
2067 4910 2313 4993 Nempe
2340 4909 2395 4972 si
2438 4909 2505 4971 in
2536 4915 2761 4971 natura
2800 4911 3079 4974 humana
3111 4931 3239 4976 non
3272 4933 3429 4996 prae-

1929 5007 2225 5072 cessisset
2264 5007 2481 5089 aliqua
2520 5006 2728 5090 culpa,
2770 5025 2899 5070 non
2942 5008 3170 5073 fuisset
3211 5022 3429 5077 secuta

1927 5107 2143 5188 aliqua
2174 5122 2377 5187 poena.
2398 5105 2521 5169 Sed
2552 5106 2855 5188 quoniam
2886 5107 3077 5189 culpa
3106 5109 3171 5170 in
3201 5117 3427 5174 natura

1930 5202 2274 5287 praecessit,
2292 5203 2447 5265 dum
2479 5221 2763 5286 personae
2792 5203 2985 5267 alicui
3018 5223 3207 5287 poena
3234 5226 3271 5269 a
3301 5207 3425 5272 Deo

1927 5300 2199 5365 infertur
2228 5300 2367 5364 sine
2396 5301 2584 5383 culpa
2612 5303 3056 5383 personae,hoe
3084 5302 3163 5366 fit
3190 5306 3269 5368 ad
3297 5325 3426 5370 me·
