4267 6250
790 454 908 523 170

1648 476 1713 525 m
1752 476 1975 525 tumult
2016 476 2079 525 lv
2120 476 2604 526 summunmt.
2646 496 2727 507 —
2766 479 2920 526 ms'r.
2960 480 3024 525 vl

867 648 1085 731 Itaque
1122 649 1201 713 de
1239 649 1359 713 hoc
1398 648 1624 713 scribit
1660 649 1727 712 in
1764 667 1881 714 suo
1918 649 2284 713 Sacramen-
2313 648 2364 713 Α
2392 650 2747 733 proprium,
2772 652 3190 736 principalem
3221 660 3286 717 et
3313 651 3778 727 immediatum,
3797 649 3904 713 ni-

790 746 897 809 tali
948 746 1327 811 Guillelmus
1380 766 1393 811 :
1445 749 1658 812 Restat
1704 748 1889 812 nobis
1936 748 2280 825 declarare,

787 846 941 927 quid
972 846 1109 928 ipsa
1136 847 1641 911 sanctificatione
1671 847 2035 930 baptismali
2068 847 2285 930 impri-

790 952 998 1007 matur
1034 946 1369 1009 animabus
1410 946 1887 1010 sanctificandis
1922 964 1937 1009 :
1968 966 2049 1008 an
2082 948 2284 1029 gratia

790 1043 944 1117 sola,
978 1064 1105 1126 qua
1142 1046 1272 1109 Deo
1309 1046 1554 1128 accepti
1599 1064 1673 1107 ac
1716 1045 1933 1127 placiti
1980 1044 2168 1120 fiunt,
2201 1064 2284 1108 an

788 1152 852 1209 et
895 1144 1219 1207 character
1260 1151 1325 1206 et
1366 1144 1789 1226 signaculum,
1832 1144 2001 1226 quod
2047 1143 2284 1207 amissa

786 1244 989 1325 gratia
1021 1250 1301 1321 maneat3
1324 1250 1388 1305 et
1415 1242 1570 1325 quid
1600 1243 1682 1305 sit
1712 1242 1835 1305 tale
1864 1242 2280 1324 signaculum,

792 1343 937 1426 quis
976 1342 1221 1404 fructus
1260 1348 1324 1405 et
1352 1340 1623 1405 effectus
1664 1341 1885 1424 ipsiuS.
1918 1341 2129 1404 Primo
2170 1340 2283 1423 igi-

790 1450 895 1505 tur
923 1440 1221 1515 dicimus,
1253 1440 1423 1523 quod
1464 1458 1721 1503 necesse
1752 1449 1850 1503 est
1876 1440 2118 1523 aliquid
2155 1459 2284 1503 ma-

789 1559 941 1603 nere
974 1540 1039 1602 in
1070 1540 1305 1614 anima,
1338 1539 1537 1620 gratia
1562 1538 1695 1620 jam
1728 1539 1979 1601 amissa.
2016 1538 2080 1601 Si
2110 1538 2284 1601 enim

787 1638 882 1702 nil
920 1646 1191 1712 maneat,
1224 1638 1619 1701 tantumdem
1661 1636 1912 1699 videtur
1946 1656 2020 1700 ac
2058 1636 2113 1699 si
2155 1654 2284 1699 non

788 1746 1002 1802 essent
1032 1735 1352 1819 baptizati.
1388 1736 1629 1819 Nempe
1658 1736 1711 1799 si
1743 1743 1943 1799 totum
1977 1735 2148 1818 quod
2177 1736 2287 1797 Ba—

2394 749 2528 813 hilo
2557 750 2772 813 minus
2801 751 3092 834 sequitur
3119 770 3270 815 eum
3301 752 3419 815 iste
3444 769 3460 814 :
3481 750 3902 833 quemadmo-

2393 848 2542 912 dum
2567 849 2806 923 albedo,
2821 852 2940 913 etsi
2965 851 3290 934 proprium
3313 851 3543 915 habeat
3563 849 3894 921 effectum,

2393 947 2602 1011 facere
2644 948 2862 1011 album
2909 968 3022 1013 seu
3061 949 3422 1031 disgregare
3455 949 3691 1023 visum,
3723 947 3898 1010 nihi-

2395 1046 2456 1109 lo
2497 1047 2708 1109 minus
2749 1049 3054 1131 competit
3092 1048 3152 1111 ei
3184 1068 3222 1111 a
3257 1048 3437 1129 nigro
3476 1046 3891 1127 distinguere.

2393 1143 2466 1206 Hi
2503 1162 2654 1226 ergo
2687 1152 2900 1208 errant
2929 1145 3289 1227 dupliciter.
3322 1145 3555 1219 Primo,
3586 1144 3894 1226 quoniam

2392 1242 2814 1325 principalem
2855 1242 3163 1307 effectum
3196 1244 3419 1307 dicunt
3447 1243 3632 1305 illum
3663 1242 3776 1325 qui
3809 1262 3894 1305 ex

2391 1341 2768 1405 necessitate
2798 1344 3228 1425 consequitur.
3256 1343 3569 1416 Secundo,
3585 1341 3892 1424 quoniam

2394 1439 2676 1521 primum
2724 1459 2799 1502 ac
2848 1440 3268 1523 principalem
3321 1440 3628 1504 effectum
3676 1439 3898 1521 deglu-

2393 1538 2563 1601 tiunt
2591 1558 2704 1602 seu
2733 1538 3055 1601 omittunt.
3090 1538 3494 1621 Impossibile
3524 1538 3764 1621 quippe
3793 1544 3897 1600 est

2393 1655 2533 1699 esse
2563 1637 2957 1718 qualitatem,
2989 1645 3052 1700 et
3081 1655 3208 1701 non
3239 1655 3378 1700 esse
3411 1635 3475 1698 in
3505 1635 3723 1719 aliqua
3749 1654 3895 1717 spe-

2395 1736 2494 1799 cie
2523 1736 2867 1819 qualitatis,
2887 1742 2951 1799 et
2979 1754 3122 1818 quae
3150 1736 3734 1799 denominationem
3761 1752 3894 1797 non

790 1837 1009 1921 ptismi
1041 1843 1438 1899 sacramento
1466 1835 1765 1899 collatum
1797 1842 1908 1907 est,
1924 1834 2009 1897 ita
2038 1834 2286 1897 deletur
2313 1830 2360 1892 B
2396 1834 2624 1897 habeat
2665 1835 3030 1919 specialem.
3073 1836 3474 1917 Distinguere
3515 1841 3730 1898 autem
3775 1852 3894 1897 seu

791 1954 904 2019 per
934 1936 1384 2019 quodcumque
1417 1933 1679 1997 mortale
1711 1941 2068 2016 peccatum,
2092 1940 2166 1993 ut
2192 1933 2288 1994 ni-

789 2035 880 2099 hil
930 2034 1071 2115 ejus
1115 2039 1458 2106 remaneat,
1505 2032 1598 2095 sic
1640 2051 1708 2094 se
1754 2032 2005 2095 videtur
2052 2030 2286 2093 habere

786 2152 860 2196 ac
908 2134 963 2195 si
1020 2134 1213 2195 homo
1270 2149 1596 2213 nunquam
1656 2129 1851 2193 fuerit
1907 2129 2281 2212 baptizatus.

790 2232 950 2295 Hinc
994 2231 1061 2293 in
1106 2230 1225 2293 hoc
1268 2236 1729 2292 consenserunt
1769 2229 2079 2303 doctores,
2115 2228 2286 2310 quod

790 2336 1019 2413 praeter
1049 2328 1317 2410 gratiam
1353 2334 1601 2409 gratum
1640 2326 2003 2401 facientem,
2037 2334 2101 2389 et
2129 2346 2286 2409 prae-

790 2437 887 2492 ter
928 2435 1131 2490 totum
1176 2428 1471 2490 decorem
1509 2426 1817 2489 virtutum
1860 2434 2051 2509 atque
2092 2428 2288 2489 dono·

791 2547 958 2602 rum,
1000 2526 1235 2610 quibus
1283 2526 1412 2588 Deo
1459 2524 1746 2607 placetur
1792 2532 1856 2587 et
1897 2544 2039 2607 quae
2086 2523 2288 2606 bapti-

788 2626 942 2689 zatis
972 2632 1371 2708 praestantur,
1395 2624 1789 2706 imprimitur
1816 2630 1882 2686 et
1910 2624 2235 2686 character
2269 2642 2282 2687 :

788 2725 1083 2809 quamvis
1126 2742 1253 2787 non
1298 2723 1449 2785 satis
1491 2723 1971 2795 declaraverint,
2004 2722 2160 2804 quid
2206 2721 2288 2783 sit

791 2826 853 2887 in
901 2823 1113 2906 specie
1159 2823 1277 2885 iste
1320 2822 1661 2883 character.
1697 2821 2033 2903 Quumque
2072 2820 2289 2882 dicant

790 2926 1001 3007 ipsum
1051 2942 1190 2987 esse
1233 2923 1299 2984 in
1346 2939 1578 3002 genere
1626 2919 1969 3001 qualitatis,
2008 2936 2136 2981 non
2180 2919 2286 2981 de-

2395 1934 2802 2009 dissimilare,
2845 1943 2942 1997 est
2978 1934 3412 1999 denominatio
3453 1933 3714 1997 relativa
3755 1932 3894 1996 sive

2394 2033 2472 2096 ad
2503 2033 2765 2115 aliquid.
2790 2068 2870 2079 —
2899 2033 3211 2107 Secundo,
3239 2032 3460 2115 opinio
3488 2032 3600 2095 illa
3624 2032 3898 2095 destrui-

2397 2141 2521 2206 tur,
2564 2133 2716 2214 quia
2763 2132 2818 2195 si
2867 2132 3082 2194 nullus
3127 2139 3293 2195 esset
3334 2149 3464 2196 non
3511 2130 3891 2213 baptizatuS,

2396 2230 2630 2294 frustra
2671 2238 2838 2294 esset
2875 2231 3020 2293 talis
3062 2230 3409 2306 character,
3452 2230 3582 2293 imo
3625 2247 3754 2292 non
3793 2247 3894 2291 es·-

2397 2337 2494 2391 set
2525 2347 2539 2393 :
2574 2346 2700 2391 non
2739 2329 2912 2391 enim
2946 2328 3383 2410 distingueret.
3417 2329 3724 2392 Praeterea
3752 2329 3896 2411 qui·

2397 2426 2517 2490 bus
2566 2446 2678 2489 seu
2735 2435 2993 2509 propter
3039 2445 3200 2509 quos
3258 2426 3336 2489 fit
3385 2427 3494 2489 illa
3541 2428 3895 2503 distinctio,

2397 2545 2598 2608 quum
2633 2526 2959 2589 character
2995 2544 3115 2589 nec
3148 2525 3533 2589 habentibus
3569 2544 3741 2601 eum,
3775 2546 3899 2589 nec

2396 2624 2538 2687 aliis
2585 2626 2669 2687 sit
2707 2644 3044 2719 apparenS,
3085 2643 3206 2688 nec
3247 2642 3362 2707 per
3402 2644 3552 2687 eum
3599 2644 3768 2688 unus
3812 2626 3898 2689 ab

2395 2723 2522 2785 alio
2563 2742 2630 2785 se
2674 2724 3061 2805 distinguat?
3090 2725 3378 2806 Insuper,
3410 2724 3682 2787 dicendo
3725 2725 3900 2805 quod

2399 2810 2722 2883 character
2759 2840 2948 2883 causa
2991 2819 3071 2883 sit
3107 2820 3324 2901 gratiae
3364 2828 3618 2902 gratum
3659 2819 3898 2883 facien-

2397 2919 2502 2992 tis,
2552 2919 2894 3001 dupliciter
2940 2937 3151 2982 errare
3199 2919 3518 2993 videntur,
3569 2919 3723 3001 quia
3766 2937 3896 2983 non

788 3023 1154 3095 terminant,
1188 3021 1441 3103 qualem
1484 3018 1728 3082 efficiat
1768 3017 2048 3080 animam
2086 3016 2286 3098 bapti·
2317 3015 2360 3079 C
2399 3024 2607 3102 potest
2637 3012 2786 3099 p'oni
2817 3036 3004 3080 causa
3033 3018 3250 3100 gratiae
3281 3016 3404 3080 nisi
3435 3024 3508 3079 ut
3535 3036 3727 3079 causa
3755 3016 3900 3079 effi-

790 3122 909 3186 zati
940 3141 1052 3184 seu
1083 3119 1491 3202 baptizatum.
1512 3116 1685 3192 Quod
1717 3116 1771 3180 si
1802 3116 2093 3191 dixerint,
2115 3116 2284 3199 quod

791 3240 917 3285 non
968 3220 1175 3285 efficit
1222 3219 1435 3301 ipsum
1482 3217 1605 3280 nisi
1652 3216 2065 3298 baptizatum,
2115 3216 2284 3278 idem

791 3327 888 3384 est
932 3339 1008 3383 ac
1057 3319 1111 3380 si
1157 3318 1427 3392 dicatur,
1479 3317 1647 3399 quod
1707 3315 2119 3398 percussione
2169 3313 2286 3376 im-

791 3419 1091 3502 primitur
1142 3417 1467 3479 character
1518 3415 1628 3498 qui
1679 3415 1832 3477 facit
1884 3433 2282 3496 percussum,

786 3525 848 3580 et
896 3515 1232 3596 distinguit
1278 3512 1606 3596 percussio
1652 3531 2027 3595 percussum
2078 3530 2115 3574 a
2159 3528 2284 3573 non

788 3632 1114 3699 percusso,
1164 3613 1331 3676 sicut
1385 3611 1747 3694 Baptismus
1804 3610 2196 3693 baptizatum
2248 3629 2285 3671 a

786 3731 911 3778 non
966 3714 1297 3796 baptizato.
1350 3712 1471 3776 Sed
1519 3718 1585 3774 et
1630 3711 1753 3773 hoc
1800 3709 2099 3772 dixerunt
2147 3727 2286 3791 pro-

788 3813 1001 3896 prium
1041 3831 1180 3876 esse
1220 3811 1602 3874 characteris
1644 3809 1859 3890 hujuS,
1893 3809 2285 3890 distinguere

787 3912 1177 3994 baptizatum
1220 3928 1257 3972 a
1300 3927 1424 3972 non
1471 3908 1821 3990 baptizatis.

866 4011 1095 4074 Contra
1124 4009 1293 4091 quod
1324 4007 1667 4089 dupliciter
1695 4004 2017 4086 objicitur.
2048 4003 2281 4077 Primo,

786 4109 937 4192 quia
974 4125 1101 4170 non
1142 4113 1349 4189 potest
1379 4105 1506 4167 dici
1535 4104 1806 4166 effectus
1842 4103 2139 4185 proprius
2172 4103 2285 4165 ali-

2399 3118 2595 3192 cienS,
2630 3125 2694 3180 et
2723 3116 2866 3180 talis
2901 3136 3091 3180 causa
3127 3116 3344 3198 gratiae
3375 3116 3548 3180 solus
3578 3122 3676 3179 est
3703 3116 3892 3180 DeuS.

2395 3217 2656 3291 RursuS,
2690 3217 2860 3299 quod
2899 3215 3028 3297 agit
3057 3235 3167 3278 seu
3203 3215 3412 3278 efficit
3439 3214 3732 3297 qualitas»,
3765 3215 3898 3296 agit

2395 3314 2759 3396 subjectum
2806 3315 3008 3397 ipsius
3050 3331 3064 3379 ε
3109 3313 3278 3377 sicut
3315 3314 3484 3396 quod
3525 3313 3655 3396 agit
3699 3313 3892 3388 calor,

2396 3412 2603 3476 efficit
2641 3413 2841 3494 ignis3
2883 3413 3070 3476 etsie
3107 3412 3322 3474 anima
3361 3411 3428 3474 in
3467 3430 3594 3494 qua
3625 3418 3723 3474 est
3751 3411 3897 3475 cha-

2395 3519 2620 3586 racter,
2648 3518 2816 3574 esset
2845 3530 3034 3574 causa
3066 3511 3282 3592 gratiae
3312 3518 3378 3573 et
3406 3510 3681 3583 virtutis,
3702 3495 3896 3592 atque

2391 3610 2656 3692 justitiae
2687 3629 2838 3686 suae,
2861 3618 2925 3674 et
2950 3608 3335 3691 justificaret
3361 3627 3436 3672 ac
3465 3607 3898 3672 sanctificaret

2395 3727 2464 3772 se
2507 3709 2730 3790 ipsam.

2473 3808 2598 3870 Nos
2631 3806 2825 3888 igitur
2853 3807 3151 3880 dicimuS,
3186 3806 3356 3889 quod
3389 3805 3548 3868 illud
3577 3806 3749 3888 quod
3777 3805 3896 3867 im-

2395 3905 2697 3987 primitur
2742 3904 2809 3965 in
2856 3903 3180 3986 Baptismo
3227 3911 3458 3986 praeter
3496 3904 3789 3985 gratiam,
3831 3912 3898 3967 et

2394 4003 2564 4086 quod
2597 4010 2883 4066 remanet
2910 4021 2984 4065 ea
3011 4002 3263 4077 amissa,
3275 4009 3372 4064 est
3399 4001 3700 4064 sanctitas
3729 4022 3898 4084 quae-

2394 4103 2537 4165 dam
2560 4119 2574 4164 ε
2595 4102 2782 4183 cujus
2811 4102 3179 4184 exemplum
3210 4108 3275 4164 et
3305 4101 3513 4183 figura
3541 4108 3638 4164 est
3665 4102 3898 4163 sancti-

786 4207 993 4287 cujus‚
1026 4205 1196 4287 quod
1236 4203 1563 4286 aequaliter
1594 4202 1893 4265 convenit
1920 4202 2095 4265 omni
2134 4220 2284 4283 qua·
2313 4200 2364 4263 D
2395 4208 2488 4263 tas
2518 4200 2928 4263 basilicarum
2961 4206 3574 4274 consecratarum,et
3598 4216 3896 4262 vasorum

788 4302 970 4379 litati,
1003 4302 1261 4375 actioni,
1297 4299 1598 4382 passioni,
1631 4299 1935 4381 omnique
1966 4298 2077 4361 rei.
2112 4298 2282 4362 Nihil

786 4411 999 4467 autem
1033 4408 1130 4464 est
1160 4399 1225 4461 in
1255 4407 1387 4462 tota
1420 4416 1634 4460 rerum
1666 4396 2093 4470 universitate,
2113 4397 2281 4480 quod

788 4503 1129 4566 habentem
1172 4499 1329 4561 illud
1375 4514 1502 4560 non
1550 4497 1899 4579 distinguat
1936 4515 1972 4558 a
2010 4515 2136 4560 non
2177 4497 2283 4559 ha-

787 4602 1000 4675 bente,
1034 4617 1234 4681 quum
1283 4603 1347 4660 et
1389 4615 1500 4679 pes
1548 4595 1897 4676 distinguat
1941 4593 2281 4657 habentem

786 4700 905 4762 hoc
953 4696 1311 4760 membrum
1353 4713 1391 4756 a
1428 4701 1681 4758 carente
1724 4694 1968 4756 eodem.
2002 4693 2149 4757 Ideo
2191 4694 2283 4757 sic

786 4795 1112 4878 distingui,
1146 4794 1504 4857 necessario
1534 4793 1823 4875 sequitur
1865 4811 2282 4874 unamquam-

786 4915 909 4980 que
952 4914 1088 4958 rem
1134 4912 1250 4977 per
1292 4912 1361 4956 se
1404 4893 1629 4975 ipsam.
1662 4892 1798 4954 Non
1844 4909 1993 4972 ergo
2036 4899 2286 4973 oportet

785 4996 1213 5059 characterem
1256 5009 1491 5073 ponere
1523 4990 1606 5053 ob
1639 4989 1760 5053 hoc
1800 4989 2029 5064 solum,
2063 4997 2285 5072 utpote

788 5102 858 5158 ut
886 5093 1253 5173 distinguat,
1289 5109 1489 5172 quum
1528 5088 1743 5152 nullus
1776 5107 1980 5152 novus
2011 5087 2283 5151 effectus

787 5200 898 5255 aut
939 5189 1223 5272 operatio
1270 5187 1608 5250 inducatur
1653 5205 1767 5268 per
1812 5185 1952 5248 hoc.
1996 5186 2060 5248 Si
2110 5185 2284 5248 enim

790 5287 1270 5354 attribuerimus
1320 5285 1669 5349 characteri
1725 5285 1927 5347 alium
1978 5283 2286 5348 effectum

2394 4316 2739 4362 sacrorum.
2815 4297 3190 4360 Consecrata
3259 4315 3538 4380 namque
3603 4296 3892 4372 basilica,

2392 4404 2986 4479 quantumcumque
3016 4402 3160 4478 post
3187 4395 3726 4460 consecrationem
3760 4396 3897 4478 pol-

2396 4496 2607 4558 luat-ur
2661 4503 2770 4558 aut
2817 4494 3209 4577 profanetur,
3261 4503 3544 4558 remanet
3601 4502 3818 4558 sancta
3873 4514 3889 4559 :

2393 4593 2632 4676 alioqui
2671 4593 3009 4657 violatores
3048 4594 3188 4675 ejus
3229 4610 3356 4656 non
3395 4601 3610 4657 essent
3636 4593 3895 4656 sacrile-

2393 4692 2475 4773 gi.
2511 4692 2614 4756 Sic
2657 4710 2807 4774 ergo
2849 4699 2914 4754 et
2955 4691 3253 4754 sanctitas
3295 4691 3416 4754 ista
3461 4692 3528 4753 in
3567 4692 3895 4774 Baptismo

2395 4791 2623 4854 collata
2671 4791 2896 4872 nequit
2939 4789 3215 4868 auferri3
3249 4798 3506 4872 propter
3553 4791 3720 4872 quod
3769 4791 3900 4871 spi·

2393 4891 2624 4953 rituale
2653 4889 3057 4970 sacrilegium
3095 4889 3158 4951 in
3194 4907 3262 4951 se
3292 4889 3431 4970 ipso
3460 4889 3802 4953 committit
3827 4899 3898 4952 et

2395 4988 2592 5052 violat
2627 4987 2942 5069 templum
2982 4986 3094 5049 Dei
3135 4986 3553 5061 ChristianuS‚
3587 5005 3898 5070 quocum-

2395 5106 2522 5170 que
2575 5086 2826 5149 mortali
2885 5093 3148 5168 peccato
3194 5105 3262 5149 se
3315 5086 3628 5168 polluens.
3677 5086 3896 5160 Qualis

2396 5192 2610 5248 autem
2659 5185 2744 5247 sit
2790 5182 3090 5246 sanctitas
3138 5183 3278 5257 ista,
3319 5190 3386 5246 et
3423 5183 3569 5265 quis
3613 5183 3754 5265 ejus
3801 5183 3895 5245 ef-

2397 5282 2627 5360 fectus,
2673 5289 2940 5366 apparet
2991 5301 3068 5345 ex
3121 5281 3262 5363 ejus
3313 5280 3524 5363 figura
3569 5291 3636 5344 et
3685 5282 3892 5364 signe,
