4267 6250
836 453 958 522 340

1496 477 1561 524 IN
1598 476 1821 524 mmm!
1863 477 1924 523 lv
1965 475 2447 524 summanum
2489 493 2570 505 —
2608 475 2764 523 msT.
2803 477 2933 540 x113
2975 476 3203 534 QUAEST.
3241 477 3284 520 V

837 662 965 726 que
995 644 1193 709 dubio
1219 647 1820 710 excommunicandi
1850 655 2001 710 sunt
2028 653 2174 730 post
2202 646 2335 710 sul*-
2362 645 2416 710 A
2441 653 2573 710 tam
2614 646 2960 722 meritorie,
2997 647 3206 730 quoad
3246 664 3337 722 se,
3378 644 3723 708 abstineret
3772 642 3945 706 sicut

839 740 1168 807 sicientem
1207 745 1730 821 admonitionem,
1765 753 1830 809 et
1857 746 2158 810 videntur
2194 765 2335 808 esse

839 841 1170 907 obstinata)
1200 844 1479 920 malitiae,
1512 853 1619 907 aut
1650 851 1822 909 certe
1850 845 2166 909 haereticae
2195 864 2335 928 pra-

836 941 1070 1004 vitatiS.
1115 943 1284 1018 Ideo,
1329 961 1474 1007 meo
1517 944 1764 1025 judicio
1811 944 2086 1007 multum
2134 944 2336 1007 delin-

839 1047 1041 1121 quunt
1070 1040 1501 1123 praelati,tales
1530 1042 1802 1106 fovendo
1832 1059 1986 1124 quos
2017 1043 2337 1125 praecipue

839 1140 1396 1204 excommunicare
1439 1140 1764 1204 deberent.
1802 1142 1880 1203 Et
1921 1141 2042 1204 hoc
2085 1141 2339 1205 videtur

841 1237 1110 1300 innuere
1153 1237 1466 1301 Fabianus
1508 1238 1695 1322 Papa,
1729 1239 2000 1302 dicendo
2035 1257 2049 1302 ε
2082 1239 2176 1302 Ad
2221 1239 2338 1302 mi-

841 1354 963 1399 nus
1001 1343 1098 1398 ter
1130 1335 1197 1398 in
1226 1355 1396 1400 anno
1426 1339 1925 1413 communicent,
1960 1339 2070 1420 qui
2110 1339 2338 1402 nolunt

839 1433 1288 1498 ecclesiasticis
1329 1454 1543 1499 carere
1591 1436 1947 1512 liminibus,
1988 1437 2053 1499 id
2094 1444 2212 1511 est,
2253 1437 2333 1499 ab

841 1531 1130 1613 ingressu
1186 1533 1474 1598 ecclesiae
1529 1535 1874 1617 prohiberi.
1933 1571 2010 1580 —
2067 1536 2335 1617 Insuper

840 1637 1018 1712 put0,
1050 1633 1219 1714 quod
1259 1633 1734 1696 communicare
1773 1633 2058 1697 volentes
2098 1633 2335 1696 debent

836 1728 916 1790 ad
965 1729 1179 1792 minus
1227 1731 1438 1794 triduo
1484 1730 1806 1794 abstinere
1849 1751 1886 1794 a
1925 1732 2116 1794 coitu.
2159 1733 2333 1794 Unde

2443 747 2803 828 accederet3
2863 755 3079 811 tamen
3138 747 3339 810 multo
3395 744 3787 808 fructuosius
3846 749 3947 804 est

2444 846 2767 920 accedere,
2820 865 2936 928 per
2980 845 3519 928 comparationem
3576 843 3657 906 ad
3712 842 3874 906 alios
3924 857 3943 902 t

2446 944 2598 1024 quia
2643 943 2869 1006 devote
2916 943 3249 1016 accedenS,
3300 939 3745 1023 multipliciter
3800 957 3947 1000 suc-

2446 1042 2647 1103 currit
2689 1059 2815 1105 non
2860 1041 2983 1104 sibi
3027 1041 3375 1114 dumtaxat,
3407 1039 3516 1102 sed
3560 1045 3624 1101 et
3667 1037 3785 1100 toti
3828 1037 3946 1098 Ec·

2446 1139 2676 1214 clesiae,
2696 1148 2760 1203 et
2786 1139 2953 1204 vivis
2982 1159 3057 1202 ac
3086 1140 3375 1213 mortuis,
3399 1137 3761 1220 specialiter
3788 1153 3945 1218 quo—

2447 1256 2567 1320 que
2596 1239 3077 1314 adstantibus,et
3099 1238 3193 1300 eis
3222 1255 3339 1320 pro
3368 1235 3592 1319 quibus
3620 1233 3943 1298 sacrificat

2444 1355 2516 1399 ac
2546 1337 2852 1419 deposcit.
2888 1337 3188 1412 Quamvis
3224 1343 3439 1398 autem
3474 1334 3689 1397 nullus
3720 1333 3806 1395 sit
3834 1332 3944 1395 ab·
3974 1393 3981 1396 .

2444 1435 2650 1499 solute
2678 1437 2908 1516 dignus
2944 1434 3266 1498 celebrare
3298 1440 3408 1496 aut
3436 1430 3938 1505 communicare,

2444 1552 2560 1616 per
2592 1534 3160 1597 considerationem
3199 1533 3278 1595 ad
3320 1530 3639 1594 infinitam
3672 1529 3943 1612 dignita·

2442 1637 2573 1693 tem
2618 1632 2871 1706 Christi,
2912 1640 2977 1694 et
3016 1631 3224 1713 quoad
3272 1649 3403 1693 suae
3448 1628 3697 1692 deitatis
3748 1627 3945 1708 maje-

2442 1735 2693 1804 statem,
2742 1748 2989 1793 necnon
3040 1729 3233 1792 etiam
3292 1747 3406 1811 per
3451 1734 3815 1810 respectum
3862 1727 3941 1789 ad

837 1826 904 1889 in
943 1829 1184 1910 synodo
1217 1827 1579 1893 Elibertana
1617 1829 1887 1893 habetur
1919 1850 1933 1894 z
1966 1829 2188 1893 Omnis
2227 1829 2333 1892 ho·
2366 1824 2417 1888 Β
2445 1847 2575 1891 suae
2612 1835 2954 1910 assumptae
2992 1826 3406 1890 humanitatis
3444 1825 3843 1889 sanctitatem
3878 1831 3945 1886 et

837 1944 943 1989 mo
971 1934 1117 1989 ante
1151 1946 1394 1990 sacram
1427 1928 1946 1991 communionem
1977 1928 2169 1991 debet
2195 1927 2332 1991 abs-

833 2023 1038 2085 tinere
1066 2022 1147 2086 ab
1179 2041 1374 2086 uxore
1404 2023 1610 2087 tribus
1643 2032 1754 2087 aut
1782 2031 2056 2107 quatuor
2082 2031 2191 2087 aut
2221 2043 2331 2087 sex

835 2121 1084 2194 diebuS‚
1117 2139 1236 2184 nec
1267 2121 1432 2184 inter
1459 2121 1802 2186 catholicos
1833 2123 2189 2206 computari
2218 2123 2330 2206 qui

838 2220 906 2282 in
962 2218 1217 2293 Pascha,
1273 2219 1638 2283 Pentecoste
1697 2227 1763 2283 et
1816 2220 2020 2284 Natali
2078 2220 2330 2284 Domini

835 2333 964 2379 non
1013 2317 1600 2381 communicaverit.
1640 2320 2093 2381 Verumtamen
2142 2319 2196 2382 si
2244 2319 2332 2382 al-

836 2422 935 2477 ter
981 2415 1326 2497 conjugum
1376 2416 1597 2479 reddat
1642 2417 1930 2480 debitum
1979 2418 2189 2481 solum
2237 2417 2331 2479 in-

836 2513 988 2589 vite,
1023 2531 1148 2577 non
1179 2520 1276 2577 est
1301 2532 1340 2576 a
1367 2516 1820 2580 communione
1849 2516 2185 2590 arcendus,
2219 2516 2331 2579 sed

833 2611 948 2693 qui
994 2611 1350 2676 inordinate
1397 2620 1748 2696 extorquet.
1800 2650 1882 2660 —
1924 2615 2068 2679 Haec
2113 2614 2332 2678 Alber-

833 2716 956 2772 tus.
1007 2709 1356 2774 Richardus
1414 2712 1596 2795 ponit
1641 2713 2121 2795 responsionem
2168 2712 2330 2777 Tho-

834 2825 956 2871 mas
997 2809 1180 2891 quasi
1224 2809 1288 2871 in
1332 2807 1556 2873 forma.

913 2906 1024 2970 His
1063 2907 1324 2970 demum
1368 2909 1808 2972 Bonaventura
1849 2909 2159 2985 alludens,
2190 2911 2279 2972 ait
2312 2927 2327 2973 ε

2443 1926 3032 2005 honorabilitatem3
3072 1935 3285 1988 tamen
3328 1925 3681 1988 secundum
3720 1942 3945 2006 quam-

2443 2025 2589 2086 dam
2640 2024 3363 2107 proportionabilitatem
3410 2022 3640 2105 dignus
3686 2030 3784 2084 est
3832 2022 3944 2085 ho—

2446 2139 2573 2196 mo,
2608 2122 2662 2184 si
2692 2141 2841 2185 cum
2869 2122 3085 2186 debita
3111 2121 3462 2204 diligentia,
3485 2119 3791 2194 custodia,
3824 2120 3940 2182 hu-

2446 2220 2735 2295 militate,
2767 2220 3084 2283 munditia
3122 2227 3187 2284 et
3222 2218 3473 2282 fervore
3515 2237 3583 2282 se
3625 2225 3941 2301 praeparet

2444 2326 2509 2381 et
2528 2319 2796 2382 accedat.
2808 2320 2879 2382 In
2908 2318 3028 2381 hac
3058 2337 3125 2382 re
3157 2318 3339 2382 multi
3368 2318 3718 2381 sacerdotes
3747 2319 3940 2380 etiam

2445 2417 2724 2498 religiosi
2753 2425 2904 2480 sunt
2930 2417 3346 2499 negligentes,
3379 2417 3511 2480 imo
3539 2424 3604 2480 et
3632 2417 3820 2499 pigri,
3855 2435 3939 2480 ne

2444 2516 2653 2579 dicam
2682 2515 2978 2590 acediosi,
3010 2515 3120 2598 qui
3151 2516 3434 2579 acediam
3464 2535 3669 2590 suam,
3690 2535 3816 2598 qua
3846 2515 3939 2578 fa-

2444 2615 2553 2677 cili
2591 2615 2923 2679 occasione
2961 2633 2998 2678 a
3034 2614 3459 2677 celebratione
3502 2621 3771 2688 cessant,
3804 2615 3941 2697 pal-

2444 2714 2603 2777 liant
2643 2714 2918 2796 quodam
2959 2713 3271 2777 virtutum
3316 2713 3548 2788 colore,
3580 2713 3764 2796 quasi
3806 2732 3943 2796 prae

2445 2813 2799 2888 reverentia
2825 2813 2982 2875 tanti
3014 2811 3315 2875 sacrificii
3345 2812 3646 2876 accedere
3676 2829 3803 2875 non
3835 2831 3945 2874 au-

2443 2911 2685 2974 dentes,
2729 2912 2903 2985 Quod
2953 2911 3007 2974 si
3056 2911 3144 2975 ita
3189 2917 3377 2985 esset,
3425 2929 3544 2973 nec
3593 2910 3660 2972 in
3706 2911 3939 2974 ceteris

835 3005 900 3068 Si
940 3006 1084 3089 quis
1123 3025 1378 3089 semper
1406 3015 1575 3070 esset
1612 3014 1890 3090 paratus,
1923 3026 2178 3090 semper
2216 3009 2334 3071 uti·
2363 3004 2407 3068 C
2441 3009 2645 3072 divini
2674 3009 2885 3072 cultus
2913 3009 3239 3090 obsequiis
3269 3015 3401 3071 tam
3436 3007 3829 3090 negligentes
3860 3027 3937 3070 ac

838 3102 898 3167 le
943 3112 1112 3168 esset
1158 3112 1628 3169 sacramentum
1680 3105 1850 3174 istud
1899 3107 2211 3189 accipere,
2262 3115 2335 3170 ut

836 3205 1150 3267 mundum
1181 3203 1655 3287 receptaculum
1685 3204 1947 3279 habenS,
1972 3205 2335 3268 comederet

836 3301 1054 3365 cibum
1085 3302 1257 3365 hunc
1289 3321 1436 3365 cum
1465 3301 1725 3377 honore,
1739 3302 2076 3366 devotione
2105 3322 2179 3366 ac
2209 3303 2334 3366 fru-

837 3408 942 3464 ctu
1003 3400 1365 3483 multiplici.
1415 3399 1576 3462 Hinc
1624 3400 1928 3464 fidelibus
1987 3402 2331 3484 primitivae

835 3498 1138 3563 Ecclesiae
1186 3498 1590 3581 competebat
1629 3501 1806 3563 omni
1853 3501 1957 3563 die
2004 3501 2329 3577 accedere,

835 3605 1056 3680 utpote
1112 3597 1366 3661 sanctis.
1418 3597 1826 3662 Postmodum
1874 3618 2024 3664 vero
2071 3600 2334 3664 caritate

835 3696 1310 3779 refrigescente,
1337 3696 1636 3759 instituta
1665 3705 1815 3760 sunt
1841 3704 2134 3781 tempora
2162 3717 2331 3763 com-

835 3796 1206 3860 municandi
1263 3794 1538 3871 diversa,
1589 3803 1738 3871 etc„
1791 3804 1860 3859 ut
1915 3816 2128 3880 supra.
2188 3797 2330 3862 Haec

833 3896 1293 3959 Bonaventura.

913 3993 1256 4068 Postremo,
1289 3994 1460 4055 circa
1499 3993 1634 4056 haec
1681 3991 1846 4067 dico,
1888 3992 2060 4074 quod
2103 3993 2333 4056 ceteris

833 4091 1118 4175 paribus,
1169 4092 1373 4154 multo
1418 4090 1650 4155 melius
1707 4090 1790 4153 sit
1835 4108 1912 4153 ex
1959 4092 2219 4155 caritate
2268 4100 2333 4155 et

2438 3108 2638 3192 tepidi
2670 3128 2811 3172 esse
2840 3109 3163 3173 auderent.
3200 3107 3649 3172 Verumtamen
3683 3107 3795 3191 qui
3834 3126 3935 3171 ac-

2439 3208 2676 3270 cedunt
2729 3207 3034 3290 quotidie,
3096 3207 3390 3270 studeant
3443 3214 3620 3270 tanto
3675 3205 3932 3269 ferven-

2437 3307 2566 3370 tius
2631 3314 2870 3389 quanto
2935 3306 3336 3388 frequentius
3390 3313 3565 3368 tanta
3634 3307 3937 3389 mysteria

2438 3413 2845 3489 pertractare,
2908 3412 2973 3469 et
3034 3423 3248 3468 coram
3308 3404 3639 3467 Altissimo
3696 3404 3939 3485 jugiter

2442 3504 2667 3567 mundi
2706 3524 2778 3568 ac
2813 3504 3124 3567 fructuosi
3167 3503 3532 3568 consistere.
3580 3538 3657 3549 ——
3695 3502 3940 3566 Postre-

2443 3622 2570 3679 mo,
2621 3604 2791 3687 quod
2844 3603 3087 3666 dictum
3150 3610 3267 3678 est,
3318 3608 3613 3685 oportere
3676 3600 3755 3664 ad
3814 3601 3939 3663 mi-

2442 3724 2563 3767 nus
2605 3703 2805 3766 semel
2851 3703 2918 3766 in
2959 3719 3129 3765 anno
3172 3701 3669 3776 communicare,
3703 3700 3941 3764 intelli-

2439 3804 2716 3886 gendum
2746 3809 2843 3865 est
2873 3808 3171 3884 quantum
3198 3808 3296 3864 est
3322 3801 3401 3864 de
3433 3800 3571 3882 lege
3600 3800 3938 3864 communi.

2436 3902 2649 3966 Nihilo
2668 3902 2879 3965 minus
2902 3900 3085 3964 multi
3108 3899 3367 3963 fuerunt
3390 3899 3591 3961 sancti
3615 3899 3943 3983 utriusque

2440 4020 2652 4077 sexuS‚
2684 4000 2882 4064 vitam
2926 3998 3435 4063 anachoreticam
3477 4014 3739 4080 prorsus
3778 3998 3941 4061 divi-

2440 4120 2587 4164 nam
2633 4099 2700 4162 in
2743 4098 3086 4163 solitudine
3126 4097 3570 4178 transigenteS,
3610 4097 3722 4179 qui
3775 4096 3939 4161 infra

833 4190 970 4253 2010
1017 4190 1170 4254 boni
1217 4190 1580 4254 eommunis
1635 4188 1959 4264 accedere,
2008 4210 2203 4274 quam
2252 4210 2330 4254 ex
2358 4194 2410 4258 D
2441 4197 2753 4281 plurimos
2804 4215 3003 4261 annos
3050 4215 3171 4259 nec
3216 4194 3743 4259 sacramentalem
3794 4214 3939 4259 con-

833 4288 1196 4351 humilitate
1246 4294 1311 4351 et
1365 4288 1594 4351 timore
1651 4306 1921 4362 cessare,
1973 4290 2329 4371 praesertim

832 4405 1035 4469 quum
1094 4393 1562 4449 sacramentum
1623 4386 1790 4448 istud
1840 4384 1925 4447 sit
1971 4404 2327 4451 sacramen-

829 4492 970 4548 tum
1019 4485 1212 4547 totius
1269 4485 1568 4559 caritatis,
1618 4483 2016 4547 liberalitatis
2073 4502 2147 4547 ac
2191 4504 2328 4567 gra-

2436 4296 2783 4360 fessionem
2833 4295 3145 4371 fecerunt,
3191 4312 3311 4357 nec
3358 4311 3603 4356 sacram
3652 4311 3940 4357 commu·

2438 4395 2697 4459 nionem
2763 4400 3195 4477 sumpserunt,
3262 4400 3332 4454 ut
3397 4390 3625 4454 Paulus
3692 4392 3935 4474 primus

2436 4494 2722 4569 eremita,
2780 4500 2845 4557 et
2902 4491 3271 4556 beatissima
3331 4490 3441 4552 illa
3501 4489 3694 4553 Maria
3752 4492 3937 4576 AEgy·

827 4584 950 4661 tim,
967 4583 1411 4668 medicinaque
1437 4583 1684 4649 animae.
1701 4582 1780 4646 Et
1804 4583 1951 4646 dato
1980 4583 2149 4666 quod
2180 4584 2326 4667 quis
2434 4593 2664 4677 ptiaea.
