4267 6250
78 1794 287 1849 crpus
300 1794 363 1839 D.

1172 521 1253 569 nt
1290 519 1598 569 mm
1636 518 2023 567 &mm
2060 516 2360 567 ml
2398 517 2716 566 {menoms

3371 498 3486 565 604

392 692 543 757 beat
584 692 805 756 unctio
848 693 1013 757 fieri.
1056 693 1135 755 Et
1180 693 1523 776 respondet
1553 709 1570 753 ε
1601 692 1887 755 Diversa·
1916 691 1969 755 A
2000 689 2318 773 principia
2355 698 2506 753 sunt
2539 690 2787 772 agendi.
2823 691 2897 753 Et
2929 690 3048 753 ista
3085 696 3236 753 sunt
3265 690 3388 752 tria
3425 689 3492 752 in

392 810 539 853 rum
574 792 1005 855 Ecclesiarmn
1041 792 1333 855 diversus
1364 798 1463 853 cst
1502 810 1657 853 usus
1690 807 1705 851 ε
1738 809 1885 852 nam

394 890 461 952 in
490 890 875 972 quibusdam
908 890 1211 954 Ecclesiis
1246 896 1573 970 unguntur
1604 890 1743 952 loca
1774 907 1886 951 seu

396 987 687 1052 membra
742 990 1063 1071 pauciora,
1113 988 1179 1050 in
1236 986 1623 1070 quibusdam
1680 987 1883 1069 plura.

392 1087 553 1149 Puto
596 1094 809 1149 autem
859 1088 1029 1169 quod
1084 1086 1371 1149 sufficiat
1418 1104 1655 1167 ungere
1701 1086 1888 1167 quin-

394 1205 519 1268 que
549 1204 855 1249 sensuum
890 1186 1042 1248 loca.
1077 1186 1255 1259 Quod
1282 1203 1437 1247 vero
1466 1184 1543 1246 fit
1572 1186 1635 1246 in
1664 1184 1889 1266 aliqui-

394 1285 515 1347 bus
544 1285 689 1347 aliis
720 1284 898 1360 locis,
932 1302 1059 1347 non
1089 1292 1185 1347 cst
1214 1284 1337 1347 nisi
1368 1284 1887 1366 praeparatorium

392 1382 471 1443 ad
514 1381 841 1445 effectum.

471 1481 741 1563 Insuper
796 1481 1067 1544 Thomas
1119 1499 1136 1544 z
1184 1479 1435 1543 Nullius
1479 1479 1747 1561 (inquit)
1792 1497 1887 1540 sa-

396 1580 703 1641 cramenti
738 1579 1131 1663 dispensatio
1166 1578 1467 1641 convenit
1494 1578 1657 1641 laico
1690 1596 1767 1641 ex
1794 1576 1887 1640 of-

392 1678 567 1751 ficio,
581 1678 819 1741 idcirco
848 1696 967 1741 nec
997 1678 1195 1758 hujus.
1220 1678 1349 1741 Nec
1378 1678 1571 1739 etiam
1600 1678 1885 1749 diacono,

395 1776 547 1859 quia
584 1776 889 1839 diaconus
926 1784 1175 1839 tantum
1217 1775 1409 1838 habet
1446 1776 1577 1837 vim
1615 1775 1892 1857 purgati-

1994 807 2228 869 genere
2248 806 2264 850 :
2281 806 2555 871 quorum
2587 790 2872 871 primum
2899 796 2996 851 est
3023 789 3496 870 dirigens‚puta

1998 888 2097 949 vis
2140 888 2606 969 cognoscitiva3
2645 889 2998 951 secundum
3043 896 3140 951 est
3184 896 3494 971 appetens

1998 1005 2113 1049 seu
2157 987 2503 1068 imperanS,
2537 994 2608 1049 ut
2649 988 2748 1050 vis
2789 987 3168 1069 appetitiva3
3207 986 3490 1059 tertium,

1996 1104 2374 1167 exsequenS,
2417 1093 2636 1168 utpote
2679 1086 2780 1148 vis
2821 1086 3078 1149 motiva.
3121 1084 3342 1148 Omnis
3387 1104 3496 1147 au-

1998 1190 2127 1246 tem
2169 1191 2385 1246 nostra
2421 1184 2700 1265 cognitio
2733 1204 2768 1247 a
2807 1183 3102 1247 sensibus
3139 1190 3350 1246 ortum
3389 1183 3496 1245 ha·

2000 1280 2127 1343 bet.
2163 1280 2496 1364 Quumque
2540 1276 2673 1345 baec
2719 1282 2938 1345 unctio
2975 1281 3120 1344 fieri
3161 1281 3388 1344 debeat
3427 1281 3494 1343 in

1998 1379 2186 1442 nobis
2227 1379 2338 1443 ubi
2375 1389 2473 1443 est
2503 1381 2710 1463 prima
2741 1382 2920 1463 origo
2957 1382 3224 1463 peccati,
3255 1380 3496 1444 idcirco

2000 1486 2329 1560 unguntur
2357 1479 2497 1543 loca
2533 1500 2646 1543 seu
2685 1498 2918 1562 organa
2955 1480 3244 1563 quinque
3275 1498 3494 1541 sensu-

2000 1596 2131 1639 um.
2169 1578 2243 1640 Et
2287 1588 2546 1661 propter
2581 1580 2998 1661 appetitivam
3035 1600 3072 1642 a
3108 1579 3494 1661 quibusdam

1999 1695 2186 1739 renes
2221 1685 2582 1758 unguntur3
2615 1686 2679 1739 ct
2719 1686 2978 1759 propter
3019 1678 3150 1739 vim
3193 1676 3494 1739 motivam

2000 1774 2218 1856 pedeS,
2265 1782 2566 1857 tanquam
2619 1776 3040 1837 instrumenta
3087 1775 3232 1855 ejus
3279 1775 3497 1856 praeci-

392 1894 539 1937 vam
576 1892 591 1936 ε
624 1874 747 1937 boc
782 1883 995 1937 autem
1030 1882 1499 1937 sacramentum
1534 1873 1726 1936 habet
1756 1873 1887 1935 vim
1924 1875 1971 1937 B
2000 1892 2146 1954 pua.
2162 1873 2239 1934 Et
2268 1873 2420 1955 quia
2447 1874 2727 1956 primum
2760 1874 3148 1955 principium
3182 1874 3348 1935 inter
3377 1874 3496 1935 ista

394 1972 911 2047 illuminativam,
956 1972 1257 2054 quoniam
1304 1972 1571 2054 gratiam
1619 1970 1885 2034 confert.

392 2071 571 2133 Unde
602 2070 843 2133 nullius
872 2071 1249 2133 sacramenti
1282 2070 1347 2132 in
1386 2088 1515 2153 quo
1552 2069 1751 2151 gratia
1788 2070 1891 2131 da-

394 2177 521 2243 tur,
555 2168 810 2232 collatio
838 2170 1139 2232 convenit
1165 2188 1243 2231 ex
1271 2168 1495 2232 officio
1534 2168 1657 2250 ipsi
1686 2168 1891 2230 diaco-

354 2285 497 2329 .no.
534 2268 724 2329 Porro
766 2268 1121 2329 secundum
1162 2266 1453 2329 divinum
1492 2266 1888 2349 Dionysium,

392 2364 735 2447 episcopus
776 2364 1035 2447 proprie
1074 2363 1267 2427 babet
1302 2366 1435 2427 vim
1476 2363 1891 2446 perfectivam

391 2482 507 2525 seu
565 2462 949 2545 perficiendi
1007 2462 1325 2536 officium,
1374 2463 1541 2524 sicut
1596 2462 1891 2525 sacerdos

390 2562 525 2624 vim
578 2560 1091 2623 illuminativam.
1134 2561 1295 2623 Hinc
1344 2560 1453 2622 illa
1498 2568 1893 2623 sacramenta

389 2668 541 2723 sunt
582 2678 701 2742 per
738 2660 1073 2742 episcopos
1100 2658 1547 2741 dispensanda,
1580 2678 1723 2741 quae
1756 2678 1893 2721 sus-

388 2758 737 2840 cipientem
782 2758 845 2820 in
885 2758 1103 2839 aliquo
1130 2764 1297 2820 statu
1336 2756 1749 2839 perfectionis
1786 2776 1889 2819 su-

388 2876 507 2940 per
543 2856 701 2920 alios
744 2864 1013 2938 ponunt,
1046 2864 1117 2918 ut
1152 2864 1251 2919 est
1287 2856 1473 2929 Ordo,
1506 2874 1635 2919 non
1667 2856 1889 2919 Unctio

388 2955 531 3029 ista,
576 2975 719 3037 quae
766 2955 1067 3017 omnibus
1112 2954 1177 3016 in
1222 2955 1523 3018 extremis
1564 2954 1892 3017 confertur

2000 1979 2096 2035 est
2125 1970 2224 2033 vis
2255 1972 2702 2052 cognoscitiva,
2737 1972 2880 2035 idco
2915 1972 3134 2035 unctio
3169 1972 3276 2034 illa
3309 1972 3496 2054 quin-

2001 2090 2125 2153 que
2155 2088 2459 2133 sensuum
2489 2070 2572 2133 ab
2600 2071 2900 2133 omnibus
2929 2071 3322 2143 observatur,
3347 2090 3498 2153 qua-

2000 2170 2053 2233 si
2086 2170 2164 2231 de
2195 2170 2572 2232 necessitate
2601 2170 3020 2249 sacramenti3
3052 2170 3314 2252 quidam
3347 2188 3497 2233 vero

2000 2267 2156 2329 alias
2213 2285 2340 2330 non
2387 2268 2748 2331 observant.
2801 2268 3014 2350 Aliqui
3063 2285 3318 2350 quoque
3366 2288 3496 2331 ser-

2000 2373 2152 2427 vant
2181 2384 2322 2427 eam
2363 2386 2504 2448 quae
2547 2373 2641 2429 est
2677 2368 2756 2429 ad
2801 2366 3017 2448 pedeS,
3049 2384 3178 2428 non
3219 2385 3362 2448 quae
3399 2373 3497 2428 est

1999 2463 2078 2525 ad
2126 2482 2312 2525 renes
2355 2482 2371 2525 :
2413 2465 2714 2545 quoniam
2765 2463 3114 2546 appetitiva
3153 2471 3217 2525 et
3259 2464 3498 2525 motiva

2000 2568 2151 2623 sunt
2191 2562 2472 2623 secunda
2517 2563 2852 2644 principia.
2895 2562 3014 2625 Cor
3055 2562 3316 2625 demum
3367 2578 3494 2623 non

2000 2660 2284 2740 ungitur,
2317 2660 2470 2742 quia
2509 2678 2636 2723 non
2675 2669 2771 2723 est
2802 2662 3008 2743 prima
3046 2660 3224 2723 radix
3264 2660 3496 2742 cogita-

2000 2748 2451 2833 tionum,sicut
2477 2776 2710 2839 organa
2737 2777 3076 2838 sensuum3
3109 2778 3226 2822 nec
3253 2760 3495 2841 genita-

2000 2855 2084 2917 lia
2114 2855 2422 2930 membra‚
2455 2865 2715 2940 propter
2743 2857 3216 2920 immunditiam
3246 2875 3498 2920 eorum-

2000 2955 2146 3017 dem
2195 2964 2259 3017 et
2307 2956 2730 3019 reverentiam
2775 2956 3174 3020 sacramenti.
3225 2956 3495 3019 Mutilati

389 3053 735 3138 capacibus
792 3054 953 3136 ejus.
1004 3090 1087 3099 —
1132 3054 1339 3117 Potest
1385 3055 1575 3118 etiam
1626 3054 1761 3116 dari
1820 3054 1885 3117 in
1919 3058 1964 3122 C
2002 3054 2152 3116 item
2212 3054 2448 3117 debent
2507 3056 2660 3139 ungi
2724 3063 2962 3139 quanto
3023 3056 3288 3139 propius
3348 3054 3496 3117 fieri

392 3153 682 3235 qualibet
742 3151 1119 3216 infirmitate
1179 3173 1321 3236 quae
1376 3155 1469 3216 sic
1533 3154 1884 3229 invalescit,

392 3252 564 3334 quod
612 3251 792 3333 signa
844 3251 1063 3314 mortis
1112 3261 1420 3335 apparent
1466 3271 1543 3314 ex
1590 3271 1683 3315 ea.
1730 3253 1885 3316 Nam

388 3358 454 3413 et
496 3350 801 3432 quaelibet
844 3350 1187 3413 infirmitas
1232 3359 1635 3431 augmentata
1682 3359 1889 3434 potest

388 3448 696 3512 inducere
754 3457 1045 3512 mortem.
1096 3485 1177 3495 —
1232 3450 1499 3532 Insuper
1552 3449 1632 3512 ad
1688 3450 1887 3512 susci-

387 3547 695 3630 piendum
736 3546 1045 3610 effectum
1088 3547 1282 3628 hujus
1320 3549 1721 3621 sacramenti,
1754 3547 1889 3630 plu—

384 3646 625 3708 rimum
656 3646 826 3709 valet
860 3646 1113 3709 devotio
1150 3646 1583 3728 suscipientis,
1614 3647 1885 3709 actuale-

386 3762 513 3826 que
546 3744 847 3806 meritum
878 3744 1245 3818 dantisstmo
1272 3752 1336 3806 et
1364 3745 1559 3808 totius
1588 3745 1887 3808 Ecclesiae

388 3841 689 3905 meritum
730 3841 1026 3924 generale
1060 3861 1075 3904 ε
1109 3843 1411 3925 quoniam
1449 3842 1655 3905 forma
1691 3843 1887 3924 hujus

386 3941 765 4004 sacramenti
796 3941 983 4003 datur
1012 3959 1128 4024 per
1158 3942 1415 4003 modum
1446 3941 1768 4004 orationis.
1796 3942 1887 4004 ld-

387 4057 463 4102 eo
494 4038 623 4102 illis
653 4039 765 4120 qui
801 4047 1130 4121 nequeunt
1160 4056 1613 4120 recognoscere
1642 4046 1706 4101 et
1736 4058 1883 4102 cum

388 4138 725 4200 devotione
762 4136 1075 4220 accipere,
1107 4155 1233 4201 non
1270 4144 1368 4200 est
1396 4138 1699 4212 dandum,
1734 4158 1889 4221 prae

2000 3162 2209 3234 potest
2254 3154 2333 3216 ad
2391 3154 2532 3218 illas
2589 3164 2802 3238 partes
2861 3157 2926 3217 in
2983 3155 3222 3238 quibus
3278 3156 3498 3218 unctio

1999 3251 2206 3325 fieret,
2257 3252 2312 3314 si
2367 3253 2642 3316 mutilati
2699 3271 2828 3316 non
2885 3262 3116 3317 essent.
3170 3255 3326 3317 Nam
3375 3256 3496 3317 etsi

1997 3357 2252 3410 careant
2293 3349 2620 3423 membriS,
2655 3368 2782 3413 non
2822 3358 3034 3414 tamen
3074 3352 3322 3414 viribus
3363 3353 3496 3414 ani-

1998 3466 2118 3510 mae
2158 3447 2623 3530 principiisque
2667 3449 2995 3531 peccandi,
3028 3451 3252 3512 saltem
3293 3451 3360 3512 in
3405 3469 3495 3512 ra-

1998 3545 2158 3608 dice.

2075 3644 2391 3727 AmpliuS,
2424 3653 2495 3707 ut
2523 3646 2766 3709 dictum
2795 3655 2894 3710 est
2922 3667 3110 3730 saepe,
3143 3666 3495 3710 sacramen·
3523 3663 3792 3770 g'fflffi'

1998 3752 2059 3805 ta
2106 3753 2172 3806 et
2219 3745 2698 3808 sacramentalia
2757 3753 3138 3828 perpetuum
3185 3744 3494 3808 effectum

1996 3843 2318 3916 habentia,
2371 3844 2585 3906 iterari
2643 3861 2770 3906 non
2818 3845 3054 3906 debent
3105 3862 3120 3906 z
3173 3845 3324 3928 quia
3380 3863 3496 3927 per

1997 3941 2389 4004 iterationem
2415 3943 2849 4005 ostenderetur
2875 3950 3338 4006 sacramentum
3367 3961 3494 4006 non

1996 4058 2134 4101 esse
2178 4039 2411 4102 efficax
2457 4041 2536 4103 ad
2585 4041 3067 4122 producendum
3117 4041 3301 4104 illum
3344 4040 3498 4104 effe-

1996 4145 2196 4210 ctum,
2259 4139 2480 4220 sicque
2540 4139 2728 4202 fieret
2781 4148 3179 4203 sacramento
3235 4141 3488 4221 injuria.

388 4237 607 4298 sertim
654 4235 915 4298 furiosis
954 4244 1018 4298 et
1056 4236 1439 4310 amentibuS,
1473 4237 1582 4318 qui
1628 4244 1888 4318 possent
1916 4240 1967 4301 D
1996 4235 2146 4309 Quae
2189 4254 2340 4299 vero
2387 4255 2514 4300 non
2563 4236 2800 4299 habent
2841 4236 3148 4300 effectum
3200 4246 3494 4321 perpetu-

388 4333 599 4397 facere
642 4334 1125 4397 irreverentiam
1168 4343 1563 4398 sacramento
1606 4355 1721 4417 per
1769 4337 1885 4398 im-

389 4433 769 4495 munditiam
801 4432 1099 4514 aliquam.
1115 4433 1450 4516 Quumque
1480 4434 1691 4516 exigat
1716 4443 1888 4497 actu-

386 4532 554 4594 alem
585 4531 1014 4605 devotionem,
1048 4549 1175 4595 non
1207 4540 1304 4594 est
1331 4533 1549 4615 pueris
1581 4535 1879 4596 dandum.

386 4629 513 4693 Nec
562 4629 890 4692 confertur
938 4638 1159 4693 contra
1207 4631 1509 4714 reliquias
1558 4632 1883 4712 originalis

388 4728 653 4810 peccati,
686 4727 812 4790 nisi
854 4727 917 4790 in
958 4735 1270 4810 quantum
1311 4748 1427 4812 per
1462 4730 1707 4792 actuale
1738 4749 1882 4812 pec-

386 4833 599 4888 catum
650 4833 801 4888 sunt
847 4824 1233 4889 confortatae.
1277 4827 1686 4890 Infirmitates
1728 4847 1881 4910 quo-

385 4943 511 5006 que
553 4923 619 4986 in
656 4922 877 5007 pueris
921 4941 1050 4986 non
1089 4933 1239 4986 sunt
1276 4943 1353 4986 ex
1390 4925 1745 4989 actualibus
1782 4945 1885 4990 eo-

386 5041 529 5084 rum
574 5020 853 5104 peccatis
898 5030 1189 5085 causatae.

465 5122 594 5184 Nec
624 5127 873 5204 oportet
902 5127 1107 5184 totum
1148 5139 1379 5205 corpus
1418 5122 1664 5185 infirmi
1703 5125 1879 5206 ungi,

336 5251 343 5258 ·
390 5221 498 5282 sed
556 5219 803 5302 aliquas
860 5219 1001 5301 ejus
1059 5228 1287 5303 parteS.
1350 5221 1581 5284 Eadem
1642 5223 1883 5306 quippe

390 5318 713 5402 principia
750 5318 1053 5400 peccandi
1100 5319 1163 5380 in
1209 5318 1393 5382 nobis
1436 5327 1605 5394 sunt,
1640 5339 1781 5402 quae
1821 5330 1882 5384 et

1998 4353 2119 4408 um,
2136 4335 2349 4398 iterari
2374 4342 2654 4417 possunt,
2665 4343 2852 4418 atque
2875 4337 3215 4418 aliquando
3238 4337 3491 4413 debent,

1997 4442 2312 4517 quatenus
2361 4433 2632 4497 effectus
2689 4434 3162 4498 sacramentalis
3219 4436 3494 4498 amissus

1995 4541 2411 4615 recuperetur
2443 4552 2458 4596 ε
2493 4541 2557 4596 et
2595 4534 2738 4597 talis
2774 4542 2870 4597 est
2909 4535 3132 4598 Unctio
3177 4535 3492 4609 Extrema,

1994 4633 2298 4715 quoniam
2332 4639 2458 4694 tam
2499 4634 2734 4695 sanitas
2775 4634 3006 4695 mentis
3050 4653 3242 4716 quam
3278 4651 3496 4715 corpo-

1994 4732 2105 4806 riS,
2140 4750 2280 4813 quae
2319 4739 2416 4793 est
2443 4731 2585 4813 ejus
2620 4730 2914 4806 effectuS,
2947 4739 3157 4814 potest
3184 4731 3390 4794 amitti
3430 4740 3491 4794 et

1994 4830 2376 4912 recuperari.

2072 4929 2194 4992 Sed
2233 4927 2432 5011 quaeri
2474 4935 2701 5011 potest,
2733 4948 2814 4990 an
2856 4929 2920 4991 in
2958 4930 3179 4992 eadem
3221 4927 3492 4991 infirmi-

1990 5036 2118 5092 tate
2150 5029 2232 5090 sit
2263 5027 2642 5090 iterandum.
2663 5027 2736 5089 Et
2767 5029 3491 5111 respondendum,quod

1992 5133 2458 5190 sacramentum
2507 5125 2629 5188 hoc
2673 5144 2802 5189 non
2845 5127 3050 5190 solum
3096 5129 3358 5210 respicit
3401 5129 3492 5191 in-

1995 5225 2390 5298 firmitatem,
2443 5225 2553 5287 sed
2612 5231 2673 5286 et
2733 5223 3126 5287 infirmitatis
3181 5233 3414 5290 statum
3470 5247 3486 5293 ε

1998 5324 2301 5405 quoniam
2362 5323 2641 5386 dandum
2703 5340 2829 5385 non
2888 5330 2984 5385 est
3029 5323 3152 5386 nisi
3213 5325 3491 5389 infirmis
