4267 6250
158 4227 263 4268 att.

890 511 977 557 AN
1017 510 1351 558 uulsinos
1394 510 1459 557 m
1499 508 1817 557 nummis
1857 507 2159 565 AEQUALEH
2201 508 2430 556 CAUSET
2469 509 2780 557 1311?ssch
3271 490 3384 557 131

319 680 545 763 quidam
566 698 709 743 cum
736 679 958 762 maj0ri
989 679 1439 764 praeparatione
1462 681 1541 743 ad
1574 678 1785 762 ipsum
1814 677 1865 741 A
1896 685 1999 740 tur
2038 678 2102 740 in
2132 678 2480 763 Baptismo,
2514 679 2636 741 nisi
2669 678 2832 742 sorte
2867 678 3244 743 miraculose
3281 678 3392 741 ali-

318 779 617 852 accedunt,
650 778 961 860 majorem
1003 799 1131 861 prae
1161 779 1305 841 aliis
1337 778 1605 860 gratiam
1638 794 1785 840 con·
1893 776 2127 860 quibus
2179 777 2492 841 ineffabili
2543 778 2884 841 clementia
2929 777 3260 851 Creatoris,
3305 777 3393 840 ita

318 885 659 959 sequuntur.
693 877 921 939 Nullus
952 878 1126 941 enim
1168 877 1436 959 gratiam
1478 876 1543 938 in
1574 875 1787 939 termi-
1893 882 1965 936 ut
2012 875 2111 937 lex
2162 876 2429 958 peccati,
2471 896 2612 959 quae
2649 883 2746 939 est
2790 876 2856 938 in
2913 874 3240 951 membris,
3284 894 3391 958 pe-

316 993 387 1038 no
426 975 663 1058 recipit,
697 985 769 1038 ut
813 975 1060 1039 intendi
1108 982 1383 1058 nequeat
1426 993 1539 1058 per
1579 974 1786 1056 Bapti·
1892 973 2065 1035 nitus
2113 974 2571 1056 exstinguatur.
2615 974 2693 1037 Et
2736 974 2894 1037 tales
2943 972 3215 1037 effectus
3262 992 3391 1037 non

317 1092 521 1135 smum.
552 1074 767 1155 Itaque
813 1074 1068 1156 quando
1106 1073 1362 1137 adultus
1404 1072 1780 1155 baptizatur,
1892 1072 2222 1154 aequaliter
2258 1073 2699 1155 suscipiuntur
2729 1072 2810 1135 ab
2838 1072 3162 1147 omnibuS,
3196 1072 3388 1135 etiam

316 1190 424 1234 non
480 1172 681 1235 solum
746 1173 1099 1254 requiritur
1154 1171 1232 1235 ad
1296 1170 1779 1254 percipiendum
1894 1170 1945 1232 si
1996 1188 2144 1233 cum
2204 1171 2432 1253 aequali
2490 1172 2826 1235 devotione
2883 1171 3228 1250 accedunt;
3278 1170 3388 1233 sed

316 1268 591 1331 ellectum
646 1270 981 1351 Baptismi,
1032 1270 1300 1333 remotio
1356 1267 1780 1351 prohibentis,
1892 1268 2344 1350 dispensantur
2392 1288 2504 1332 seu
2546 1270 2778 1332 dantur
2821 1270 3176 1333 secundum
3218 1268 3390 1331 ordi-

316 1374 509 1449 utpote
535 1366 962 1441 fictionis,sed
993 1376 1057 1429 et
1084 1367 1419 1450 dispositio
1447 1367 1629 1450 quasi
1662 1385 1785 1428 ma·
1892 1366 2214 1429 nationem
2248 1367 2664 1450 providentiae
2692 1367 2822 1430 Dei.
2836 1367 2980 1431 Haee
3009 1367 3076 1429 in
3109 1366 3384 1430 Summa.

314 1465 548 1539 teriali5‚
579 1466 879 1528 videlicet
907 1464 1069 1528 fides
1108 1473 1298 1548 atque
1330 1465 1587 1528 devotio
1624 1464 1782 1527 reci·
1968 1463 2276 1527 Praeterea
2303 1464 2522 1527 Petrus
2553 1465 2724 1527 circa
2760 1465 2897 1529 haec
2926 1464 3150 1528 scribit
3183 1481 3196 1526 z
3230 1464 3389 1538 Qua·

314 1563 523 1645 pientis
560 1564 975 1646 Baptismum.
1890 1562 2160 1644 druplex
2209 1571 2306 1625 est
2343 1562 2613 1626 effectus
2659 1563 2968 1646 Baptismi
3018 1563 3080 1625 in
3131 1562 3386 1625 adultis,

392 1662 850 1745 Consequenter
908 1662 1248 1744 respondet
1304 1662 1383 1723 ad
1446 1661 1638 1735 istud,
1698 1680 1777 1723 an
1888 1661 2084 1735 UnuS,
2129 1661 2470 1743 impressio
2517 1661 2920 1735 characteriS,
2963 1662 3077 1743 qui
3114 1660 3386 1723 effectus

316 1760 477 1842 pueri
516 1761 578 1822 in
618 1760 946 1843 Baptismo
984 1759 1293 1842 aequalem
1338 1759 1603 1840 gratiam
1652 1776 1780 1821 sor·
1890 1760 1957 1822 in
1996 1758 2297 1822 omnibus
2340 1767 2438 1822 est
2475 1759 2756 1842 aequalis,
2793 1759 3122 1822 Secundus
3167 1767 3263 1822 est
3301 1760 3394 1822 in·

315 1859 527 1920 tiantur
557 1878 570 1922 :
602 1859 671 1921 In
703 1858 922 1940 pueris
947 1858 1225 1939 (dicens)
1252 1857 1585 1940 baptizatis
1614 1856 1775 1919 nihil
1814 1860 1861 1923 B
1893 1856 2059 1921 fusio
2118 1859 2357 1939 gratiae,
2409 1858 2521 1940 qui
2573 1856 2793 1919 differt
2847 1857 3202 1921 secundum
3258 1859 3391 1921 dis-

316 1974 383 2017 ex
419 1964 581 2037 parte
608 1974 833 2019 eorum
872 1956 1240 2039 requiritur,
1273 1958 1384 2019 sed
1424 1974 1538 2039 pro
1570 1956 1779 2039 dispo-
1892 1956 2276 2038 positionem
2318 1964 2382 2019 et
2421 1956 2826 2020 devotionem
2873 1955 3385 2038 suscipientium.

316 2055 519 2117 sitione
546 2056 726 2137 quasi
760 2055 1068 2118 materiali
1098 2054 1177 2117 ad
1218 2055 1510 2129 salutem,
1544 2053 1782 2117 habent
1890 2053 2162 2129 Tertius,
2215 2053 2533 2117 restitutio
2580 2054 2984 2127 innocentiae,
3034 2054 3145 2136 qui
3193 2074 3391 2137 penes

317 2151 491 2215 iidem
519 2154 913 2226 Ecclesiae‚et
941 2171 1058 2236 pro
1084 2152 1387 2217 effectivo
1417 2153 1803 2227 salutis,ha-‘
1891 2153 2242 2215 terminum
2289 2172 2326 2216 a
2375 2169 2522 2236 que,
2576 2160 2784 2235 potest
2831 2171 2971 2216 esse
3021 2152 3390 2235 inaequalis3

316 2250 449 2313 bent
474 2250 767 2314 virtutem
798 2270 909 2315 seu
940 2252 1239 2315 meritum
1273 2252 1581 2335 passionis
1611 2250 1783 2315 Chri·
1892 2253 2002 2315 sed
2043 2270 2238 2336 penes
2269 2252 2618 2315 terminum
2656 2253 2734 2314 ad
2765 2270 2981 2335 quem,
3015 2270 3269 2336 semper
3298 2259 3395 2315 est

316 2349 405 2423 sti,
434 2370 565 2432 quae
590 2358 890 2433 operatur
920 2352 987 2413 in
1013 2351 1355 2434 BaptismO.
1386 2351 1462 2413 Et
1490 2351 1624 2414 haec
1654 2351 1783 2413 duo
1892 2352 2490 2434 aequali3,quoniam
2523 2351 2816 2433 quamvis
2847 2352 2927 2414 ab
2959 2352 3250 2434 inaequali
3285 2352 3396 2413 im-

319 2466 377 2509 se
402 2447 622 2511 babent
647 2448 977 2530 aequaliter
1004 2449 1082 2511 ad
1122 2467 1355 2531 pueros
1384 2467 1605 2512 omnes
1640 2468 1654 2512 ε
1690 2448 1780 2511 id·
1894 2450 2190 2532 puritate,
2225 2456 2439 2513 tamen
2469 2450 2547 2512 ad
2579 2449 2890 2531 aequalem
2923 2450 3266 2531 puritatem
3298 2469 3394 2513 re-

318 2546 465 2609 circo
492 2564 612 2609 non
643 2546 955 2609 differunt
982 2554 1291 2630 quantum
1320 2548 1398 2610 ad
1428 2546 1782 2629 suscipien-
1894 2548 2119 2611 stituit.
2154 2549 2445 2622 QuartuS,
2478 2548 2794 2629 repressio
2823 2547 3066 2611 fomitis
3097 2568 3210 2611 seu
3251 2566 3396 2612 con-

318 2644 450 2707 dum
477 2644 778 2728 Baptismi
814 2644 1142 2719 effectum,
1177 2646 1287 2709 sed
1321 2664 1543 2708 omnes
1578 2647 1644 2707 in
1672 2646 1783 2708 Ba·
1894 2647 2398 2730 cupiscentiae‚et
2419 2653 2727 2729 quantum
2758 2647 2837 2709 ad
2867 2647 3034 2709 hunc
3065 2646 3396 2730 inaequalis

320 2742 527 2824 ptismo
567 2743 875 2825 aequalem
924 2744 1287 2826 suscipiunt
1325 2744 1611 2825 gratiam.
1653 2743 1783 2806 Nec
1895 2746 2165 2819 exsistit,
2211 2745 2566 2809 secundum
2614 2745 2784 2827 quod
2837 2764 3002 2807 unus
3049 2745 3280 2829 recipit
3328 2746 3394 2809 in

320 2840 504 2903 simile
556 2848 653 2903 est
697 2842 779 2904 de
828 2841 987 2924 ipsis
1033 2849 1097 2904 et
1144 2842 1387 2923 angelis
1440 2861 1453 2906 :
1506 2842 1659 2924 quia
1703 2842 1784 2904 de
1893 2844 2217 2926 Baptismo
2271 2843 2538 2926 gratiam
2597 2842 2904 2924 majorem
2955 2862 3146 2926 quam
3206 2844 3390 2907 alius,

320 2940 533 3020 angelis
563 2940 895 3022 probabile
924 2948 1041 3015 est,
1064 2941 1233 3023 quod
1262 2942 1617 3004 secundum
1646 2959 1785 3022 gra·
1894 2978 1975 2989 —
1995 2942 2630 3024 Denique,quantum
2663 2948 2760 3004 est
2789 2941 2867 3004 de
2899 2940 3235 3023 privilegio
3261 2961 3398 3025 gra-

322 3036 453 3099 dum
488 3046 548 3100 et
585 3038 1061 3120 proportionem
1106 3056 1328 3102 eorum
1374 3039 1441 3101 in
1483 3038 1784 3101 naturali·
1820 3036 1865 3103 C
1897 3040 2021 3115 tiae,
2057 3040 2202 3122 plus
2232 3040 2448 3120 gratiae
2479 3039 2615 3102 dari
2647 3046 2855 3123 potest
2883 3039 2994 3101 uni
3032 3040 3298 3121 parvulo
3328 3040 3396 3104 in

322 3134 442 3210 bus,
471 3137 590 3199 fuit
626 3145 889 3200 conatus
930 3138 1008 3200 ad
1046 3137 1334 3219 gratiam,
1366 3139 1445 3202 ad
1482 3157 1678 3220 quam
1718 3139 1784 3200 in
1896 3140 2224 3222 Baptismo
2269 3157 2463 3220 quam
2510 3138 2731 3217 alteri3
2781 3139 2892 3201 sed
2940 3145 3251 3220 quantum
3302 3147 3400 3202 est

324 3232 621 3298 infantulis
658 3235 875 3298 nullus
906 3244 1167 3298 conatus
1202 3242 1316 3299 est.
1350 3236 1623 3319 Haecque
1651 3254 1785 3317 gra·
1898 3239 1976 3302 de
2020 3238 2159 3320 lege
2203 3237 2552 3311 communi,
2585 3255 2712 3299 non
2757 3237 2958 3300 datur.
2993 3237 3248 3301 Bonitas
3286 3258 3396 3301 au-

324 3331 391 3393 tia
434 3332 493 3394 in
543 3333 761 3416 pueris
808 3333 1141 3416 baptizatis
1192 3352 1318 3397 non
1370 3332 1528 3397 facit
1572 3353 1786 3398 neces·
1898 3343 2027 3398 tem
2078 3333 2542 3416 complexionis
2591 3353 2669 3397 ex
2718 3342 2896 3418 parte
2944 3335 3250 3418 corporiS,
3301 3343 3398 3398 est

322 3430 562 3506 sitatem,
611 3433 725 3495 sed
785 3431 1265 3496 inclinationem
1315 3434 1659 3516 quamdam
1706 3434 1784 3497 ad
1898 3441 2144 3498 remota
2170 3433 2505 3515 dispositio
2531 3433 2768 3514 gratiae,
2802 3451 2914 3495 seu
2945 3433 3139 3496 etiam
3179 3435 3397 3515 gratiae

322 3525 529 3592 bonum
565 3548 579 3593 :
612 3530 757 3593 ideo
792 3531 948 3592 dum
986 3531 1063 3593 ad
1101 3532 1381 3594 adultam
1417 3532 1787 3614 pertingunt
1897 3531 2246 3615 amplioris.
2298 3531 2640 3614 Dispositio
2693 3549 2842 3594 vero
2901 3532 3260 3614 propinqua
3316 3533 3395 3595 ad

321 3635 560 3704 aetatem,
591 3636 861 3712 possunt
890 3629 1316 3694 diversimode
1344 3631 1545 3712 gratia
1576 3631 1667 3692 uti
1700 3649 1789 3694 re-
1896 3631 2166 3712 gratiam
2215 3631 2282 3692 in
2328 3628 2654 3691 voluntate
2704 3629 3015 3703 consistit,
3061 3650 3254 3713 quam
3305 3629 3397 3692 in-

322 3733 493 3807 cepta.
529 3727 701 3790 Unde
730 3727 992 3809 quidam
1025 3735 1283 3791 manent
1312 3728 1787 3811 proficiuntque
1899 3727 2068 3792 fusio
2097 3728 2313 3810 gratiae
2344 3726 2546 3806 maj0r
2573 3733 2684 3788 aut
2715 3725 2925 3789 minor
2959 3728 3391 3811 consequitur.

323 3821 375 3883 in
416 3843 503 3899 ea,
544 3825 805 3907 quidam
853 3825 1168 3887 deficiunt
1210 3843 1224 3887 :
1267 3834 1331 3889 et
1374 3827 1493 3888 hoc
1538 3845 1665 3889 non
1708 3845 1786 3888 ex
1899 3827 2043 3890 Haec
2081 3827 2321 3888 Petrus

322 3920 653 3985 diversitate
683 3923 902 4005 gratiae
932 3923 999 3985 in
1031 3924 1355 4006 Baptismo
1386 3931 1673 4007 receptae.
1706 3960 1788 3969 —
1978 3926 2049 3987 ln
2088 3922 2500 4007 praeinductis
2539 3921 3003 3985 sententialiter
3035 3922 3400 3986 continetur

321 4018 441 4083 llaec
479 4021 745 4084 Thomas
792 4021 857 4084 in
898 4021 1168 4104 Scripto.
1900 4023 2195 4088 Richardi
2239 4021 2591 4105 responsio,
2633 4020 2744 4103 qui
2789 4021 3182 4102 praeinducta
3224 4039 3397 4084 com-

386 4118 559 4184 Porro
588 4120 653 4183 in
684 4120 872 4184 tertia
911 4127 1111 4202 parte,
1143 4121 1493 4203 quaestione
1532 4139 1787 4202 sexage-
1901 4120 2207 4205 pendiose
2241 4120 2674 4203 perstringens
2707 4139 2722 4184 ε
2755 4119 2825 4182 In
2859 4119 3201 4202 Baptismo,
3233 4138 3401 4184 asse·

322 4216 463 4280 sima
500 4236 665 4281 nona
716 4236 730 4281 :
784 4218 1055 4301 Duplex,
1100 4218 1330 4300 inquit,
1374 4226 1471 4281 est
1515 4217 1787 4283 effectus
1818 4220 1869 4283 D
1901 4223 2003 4295 rit,
2038 4227 2400 4284 removetur
2434 4220 2675 4282 malum
2716 4218 2921 4301 culpae
2954 4225 3018 4282 et
3057 4237 3282 4302 poenae,
3315 4227 3400 4284 at·

322 4313 617 4398 Baptismi.
653 4317 827 4381 Unus
871 4335 987 4399 per
1022 4336 1113 4392 se,
1145 4317 1437 4400 aliusque
1476 4337 1593 4401 per
1627 4317 1790 4381 acci·
1898 4339 2024 4403 que
2054 4319 2382 4382 confertur
2415 4318 2656 4382 bonum
2695 4317 2930 4399 gratiae.
2966 4317 3284 4392 Quantum
3317 4319 3398 4383 ad

323 4413 470 4478 dens.
484 4417 595 4479 Per
622 4435 692 4480 se
720 4415 995 4480 effectus
1023 4416 1331 4500 Baptismi
1362 4425 1479 4492 est,
1492 4418 1569 4480 ad
1599 4435 1789 4500 quem
1898 4419 2104 4502 prima
2145 4418 2293 4492 due,
2325 4416 2595 4480 effectus
2639 4415 2944 4500 Baptismi
2991 4416 3057 4479 in
3095 4418 3397 4482 omnibus

324 4530 419 4594 per
454 4535 517 4577 se
560 4515 889 4578 institutus
932 4522 1048 4589 est,
1080 4523 1299 4599 utpote
1340 4535 1643 4597 generare
1680 4517 1789 4579 ho·
1899 4516 2184 4600 parvulis
2226 4523 2323 4579 est
2363 4515 2646 4598 aequalis,
2687 4513 2853 4578 sicut
2893 4515 3202 4597 originale
3250 4535 3397 4599 pec·

326 4610 503 4674 mines
544 4613 606 4674 in
652 4613 785 4675 vita
826 4613 1143 4695 spirituali
1179 4631 1420 4695 :quem
1461 4615 1789 4697 aequaliter
1900 4623 2110 4679 catum
2165 4616 2228 4678 in
2277 4613 2577 4678 omnibus
2635 4614 2762 4676 illis
2819 4615 3062 4697 aequale
3111 4622 3227 4692 est,
3279 4635 3398 4679 nec

324 4708 455 4772 facit
486 4711 549 4773 in‘
591 4711 895 4774 omnibus
936 4711 1049 4793 qui
1090 4712 1418 4794 aequaliter
1460 4713 1538 4776 ad
1580 4713 1787 4795 Bapti·
1897 4734 2065 4777 unus
2106 4715 2186 4776 ad
2221 4713 2528 4794 majorem
2569 4730 2824 4794 poenam
2855 4713 3173 4795 obligatur
3203 4733 3397 4797 quam

325 4825 507 4871 smum
536 4829 603 4873 se
631 4809 893 4872 habent.
926 4809 1209 4873 Effectus
1238 4819 1453 4873 autem
1481 4810 1786 4894 Baptismi
1898 4814 2075 4876 alter.
2110 4813 2200 4876 De
2230 4812 2368 4894 lege
2397 4829 2652 4895 quoque
2687 4813 3013 4875 communi
3055 4829 3183 4875 non
3212 4813 3399 4875 datur

326 4923 423 4985 per
456 4908 745 4971 accidens
784 4915 902 4981 est,
935 4909 1012 4971 ad
1057 4927 1251 4991 quem
1294 4909 1659 4992 Baptismus
1699 4909 1793 4972 di·
1901 4912 2013 4975 uni
2062 4930 2284 4976 eorum
2341 4912 2538 4993 gratia
2601 4910 2805 4992 major
2855 4930 3046 4994 quam
3095 4910 3278 4974 alteri
3333 4911 3397 4973 in

328 5011 473 5068 recte
499 5024 618 5070 non
654 5007 1005 5081 ordinatur,
1040 5008 1149 5070 sed
1186 5008 1650 5090 omnipotentia
1677 5008 1791 5071 Dei
1900 5011 2240 5092 Baptismo.
2293 5011 2363 5073 In
2408 5009 2642 5073 adultis
2692 5027 2843 5073 vero
2902 5009 3045 5090 plus
3102 5008 3274 5071 delet
3320 5009 3398 5072 de

331 5099 383 5162 in
408 5121 477 5166 eo
502 5105 881 5169 miraculose
918 5112 1235 5188 operatur.
1272 5106 1446 5169 Unde
1486 5125 1679 5189 super
1717 5106 1791 5168 il·
1903 5108 2071 5174 malo
2110 5108 2316 5189 culpae
2356 5125 2550 5190 quam
2596 5106 2661 5168 in
2706 5105 3009 5187 parvuliS,
3043 5107 3398 5169 secundum

122 5195 309 5255 Βουκσ-
333 5196 423 5262 lud
458 5201 531 5266 ad
571 5205 907 5279 RomanOS,
942 5204 1019 5268 Ut
1059 5203 1227 5266 ultra
1269 5223 1397 5268 non
1440 5205 1793 5269 serviamus
1902 5207 2073 5289 quod
2111 5206 2176 5267 in
2207 5206 2441 5269 adultis
2477 5205 2622 5288 plus
2653 5211 2764 5266 aut
2793 5202 3005 5266 minus
3043 5203 3291 5266 invenit
3319 5205 3399 5266 de

336 5308 579 5379 peccato,
618 5303 839 5367 Glossa
882 5301 1119 5366 effatur
1151 5322 1165 5367 ε
1196 5303 1325 5366 Hoc
1368 5321 1497 5366 non
1538 5311 1793 5386 praesta·
1905 5305 2182 5389 propriis
2215 5303 2424 5388 culpis
2457 5321 2698 5367 eorum.
2732 5301 3208 5378 Verumtamen,
3245 5318 3399 5384 quo-
