4267 6250
35 5143 47 5218 --U
35 5019 47 5106 -
35 4921 45 4998 -
35 4759 43 4804 -
33 4503 47 4738 -Ἢ
32 4239 48 4478 -*„*-
35 4131 45 4226 1....-
35 4059 45 4082 —

785 495 874 541 AN
915 493 1282 542 Aecmmvru
1322 491 1570 540 Possm·
1609 491 1812 538 ,ιω-ιη
1854 491 1928 538 rer
1969 490 2108 538 nn
2150 490 2285 547 Qum:
2326 490 2489 537 Aura
2529 489 3067 538 CONSBGRATIONEM
3350 469 3462 536 331

355 672 681 748 repugnat
720 665 861 748 ipsa
907 685 1047 729 esse
1096 664 1313 738 simul,
1351 663 1475 727 nisi
1522 661 1866 726 dimensio·
1896 661 1948 725 A
1977 661 2303 725 sionaliter
2336 679 2349 725 :
2384 662 2533 745 quia
2564 661 2658 724 sic
2696 660 3116 724 informarent
3152 668 3345 743 atque
3373 677 3476 723 ex·

359 780 518 842 nes;
549 771 616 826 et
644 764 768 827 hoe
808 782 937 828 non
976 770 1236 847 propter
1263 762 1737 825 dimensionum
1773 779 1867 822 es-

360 862 665 938 sentiam,
715 863 826 926 sed
886 869 1148 945 propter
1202 863 1398 924 situm
1455 879 1648 942 quem
1707 867 1868 922 natae

359 969 515 1024 sunt
545 961 783 1024 habere
813 963 882 1024 in
914 963 1054 1025 loco
1079 979 1092 1024 :
1117 961 1230 1044 qui
1259 960 1419 1024 situs
1449 966 1544 1022 est
1573 958 1868 1021 accidens

355 1059 866 1135 dimensionum,
925 1059 1463 1142 quemadmodum
1533 1057 1693 1120 situs
1757 1054 1870 1138 qui

359 1166 462 1220 est
504 1159 664 1222 ordo
707 1158 986 1240 partium
1033 1157 1198 1220 inter
1242 1175 1331 1231 se,
1366 1163 1463 1219 est
1505 1153 1871 1218 differentia

361 1256 498 1318 illis
527 1257 908 1320 essentialis.
944 1257 1195 1320 Etenim
1234 1262 1494 1338 propter
1533 1253 1728 1316 situm
1757 1253 1868 1335 qui

361 1355 525 1417 dicit
553 1354 848 1418 ordinem
877 1356 955 1417 ad
989 1355 1223 1429 locum,
1253 1360 1522 1434 tangunt
1551 1371 1618 1415 se
1649 1369 1869 1434 corpo-

361 1473 457 1528 ra,
489 1461 556 1516 et
588 1461 809 1516 tenent
837 1473 904 1517 se
944 1461 1120 1516 extra
1149 1471 1239 1527 se,
1274 1461 1338 1516 et
1365 1471 1503 1515 sese
1543 1457 1872 1533 nequeunt

362 1559 750 1633 penetrare3
781 1559 1005 1634 estque
1054 1550 1387 1633 dispositio
1427 1549 1536 1612 illa
1575 1547 1871 1631 imperfe-

363 1649 600 1712 ctionis
632 1650 698 1712 in
729 1649 1262 1724 dimensionibus,
1281 1656 1346 1712 et
1373 1655 1602 1731 praeter
1630 1647 1871 1711 dimen-

363 1748 624 1810 sionum
666 1748 1008 1811 essentiam
1045 1765 1060 1809 ε
1095 1747 1182 1809 ita
1210 1747 1379 1829 quod
1418 1746 1710 1828 quamvis
1742 1762 1868 1808 non

1979 759 2311 822 tenderent
2338 780 2409 824 ac
2448 760 2815 842 figurarent.
2849 795 2931 805 —
2958 759 3101 822 Haec
3140 758 3470 820 Henricus.

1977 858 2092 932 Qui
2125 859 2205 920 de
2235 858 2335 920 his
2362 858 2589 920 scribit
2617 857 2903 940 prolixe3
2936 864 3001 920 et
3032 855 3197 919 infra
3234 856 3476 939 patebit

1978 957 2250 1040 qualiter
2285 975 2507 1019 verum
2548 957 2631 1019 sit
2670 958 2839 1038 quod
2878 957 2957 1019 de
2994 957 3139 1020 dote
3176 955 3475 1037 agilitatis

1977 1055 2097 1117 hoc
2144 1054 2282 1118 loco
2324 1054 2736 1136 deprompsit.

2057 1153 2292 1214 Verum
2337 1151 2529 1232 hujus
2570 1152 2904 1234 positionis
2948 1151 3335 1214 contrarium
3378 1169 3475 1214 as-

1979 1250 2134 1313 serit
2172 1250 2394 1314 Scotus
2429 1268 2443 1312 :
2476 1251 2747 1312 Maxima
2772 1250 3129 1333 (inquiens)
3159 1248 3316 1312 mihi
3348 1268 3478 1312 cer-

1978 1349 2228 1414 tissima
2274 1354 2391 1424 est,
2438 1349 2569 1412 Deo
2615 1368 2753 1412 esse
2813 1348 3117 1432 possibile
3164 1347 3477 1430 quidquid

1979 1466 2105 1512 non
2139 1448 2408 1511 includit
2438 1448 2767 1512 evidenter
2796 1446 3383 1520 contradictionem,
3416 1454 3480 1509 et

1978 1547 2056 1610 ad
2107 1548 2275 1629 quod
2324 1564 2450 1610 non
2494 1548 2784 1629 sequitur
2830 1545 3188 1610 necessario
3238 1553 3480 1608 contra-

1980 1645 2195 1708 dictio,
2231 1645 2377 1708 Tale
2408 1653 2523 1719 est,
2550 1664 2753 1708 unum
2782 1653 2844 1707 et
2875 1645 3045 1707 idem
3077 1663 3308 1727 corpus
3338 1663 3477 1706 esse

1983 1743 2048 1806 in
2100 1743 2395 1826 pluribus
2438 1742 2983 1806 dimensionaliter
3028 1751 3217 1824 atque
3265 1741 3477 1805 locali-

363 1846 766 1920 naturaliter,
817 1854 1026 1909 tamen
1083 1844 1650 1936 supernaturaliter
1696 1837 1872 1926 s‘epa—
1903 1843 1952 1905 Β
1981 1850 2095 1906 ter.
2129 1843 2283 1904 Dico
2312 1859 2483 1922 ergo,
2517 1842 2686 1923 quod
2716 1842 2844 1903 Deo
2870 1840 3251 1923 simpliciter
3278 1839 3478 1921 possi-

363 1944 590 2008 rabilis
628 1952 729 2008 est
767 1944 846 2007 ab
887 1944 1017 2007 illis
1056 1963 1169 2026 per
1217 1945 1427 2007 dotem
1479 1941 1868 2016 subtilitatis,

367 2063 510 2125 quae
550 2052 650 2106 est
689 2043 978 2125 quaedam
1021 2042 1306 2125 potentia
1341 2059 1470 2105 non
1509 2039 1868 2113 resistendi,

368 2141 456 2204 ita
485 2141 660 2223 quod
694 2159 822 2204 non
856 2140 1093 2204 resistit
1120 2141 1335 2214 alicui,
1369 2159 1487 2202 nec
1516 2138 1758 2221 aliquid
1788 2139 1871 2200 si-

368 2239 456 2301 bi.
509 2239 748 2322 Sicque
797 2257 1029 2322 corpus
1078 2258 1193 2322 per
1241 2257 1380 2302 eam
1437 2236 1613 2301 illabi
1667 2244 1872 2319 potest

367 2337 550 2400 alteri
584 2338 863 2420 corpori,
897 2346 962 2400 et
998 2338 1116 2401 hoc
1145 2337 1387 2419 absque
1425 2354 1502 2400 eo
1530 2336 1697 2418 quod
1736 2343 1872 2398 tan-

367 2443 470 2516 gat
515 2435 682 2498 illud
727 2436 1100 2498 resistendo.
1139 2436 1316 2500 Unde
1364 2442 1428 2498 et
1470 2435 1592 2497 tale
1639 2451 1870 2516 corpus

370 2552 494 2596 non
543 2533 742 2597 habet
783 2553 922 2597 esse
966 2552 1079 2616 per
1121 2554 1188 2597 se
1233 2534 1299 2596 in
1340 2534 1480 2597 loco
1519 2551 1634 2615 per
1674 2533 1872 2595 conti-

367 2634 648 2695 nentiam
682 2633 852 2696 inter
881 2633 1071 2696 latera
1097 2631 1671 2696 circumdantis.Ad
1703 2631 1872 2694 aliud

368 2732 740 2806 dicendum,
775 2732 943 2814 quod
993 2733 1057 2794 in
1098 2730 1495 2794 Eucharistia
1535 2731 1663 2792 duo
1700 2738 1870 2804 sunt,

371 2837 612 2910 utpote,
633 2829 884 2910 species
917 2828 1042 2892 illae
1069 2828 1380 2902 visibileS,
1399 2836 1463 2890 ct
1489 2847 1590 2890 res
1619 2835 1875 2890 conten-

371 2935 453 3000 ta,
510 2946 658 3008 quae
717 2933 815 2989 est
872 2944 1102 3008 corpus
1161 2926 1412 2990 Christi.
1467 2926 1647 2990 Circa
1703 2927 1870 3008 quod

1981 1941 2112 2004 bile
2144 1948 2239 2003 est
2277 1939 2485 2003 facere
2526 1941 2698 2003 idem
2738 1956 2968 2022 corpus
3006 1939 3199 2001 simul
3238 1957 3379 2002 esse
3410 1939 3475 2000 in

1980 2038 2252 2102 diversis
2284 2038 2439 2100 locis
2481 2037 2783 2100 localiter.
2820 2037 2947 2100 Hoc
2987 2045 3158 2120 patet
3190 2056 3267 2100 ex
3299 2036 3480 2099 intel-

1984 2138 2152 2200 lectu
2182 2136 2623 2201 terminorum.
2659 2137 2863 2210 Quum
2904 2137 3077 2199 enim
3108 2136 3274 2210 dico,
3308 2135 3478 2198 idem

1983 2253 2215 2318 corpus
2253 2235 2446 2297 simul
2486 2253 2625 2298 esse
2665 2235 2731 2297 in
2771 2234 3039 2298 diversis
3079 2234 3235 2297 locis
3270 2233 3479 2297 locali-

1981 2343 2099 2408 ter,
2146 2334 2305 2398 nihil
2363 2334 2508 2398 dico
2562 2353 2756 2416 supra
2809 2352 3037 2416 corpus
3092 2333 3215 2396 nisi
3273 2352 3483 2416 respe-

1983 2440 2157 2495 ctum
2198 2433 2595 2496 extrinsecus
2634 2433 3101 2508 advenientem,
3142 2432 3479 2495 fundatum

1985 2533 2050 2594 in
2095 2548 2223 2594 uno
2264 2539 2501 2613 quanto
2538 2531 2615 2593 ad
2646 2530 2819 2592 aliud
2858 2537 3166 2612 quantum
3208 2529 3479 2591 circum·

1984 2629 2292 2694 scribens.
2328 2629 2539 2692 Talem
2582 2636 2793 2692 autem
2832 2636 3191 2710 respectum
3228 2626 3480 2710 plurifi-

1985 2729 2111 2792 cari
2145 2747 2337 2810 super
2368 2727 2534 2790 idem
2563 2726 3052 2789 fundamentum
3091 2727 3168 2789 ad
3198 2725 3482 2789 diversos

1984 2827 2317 2900 terminOS,
2358 2844 2483 2888 non
2526 2833 2789 2908 apparet
2828 2832 3045 2888 contra
3088 2824 3330 2907 aliquid
3371 2843 3483 2886 no-

1984 2933 2117 2987 tum
2164 2925 2517 3010 secundum
2557 2924 2863 2986 rationem
2906 2940 2920 2984 t
2966 2922 3117 3005 quia
3154 2929 3483 3004 respectus

369 3025 494 3088 duo
523 3025 1035 3099 considerantur,
1056 3033 1228 3107 puta,
1249 3024 1582 3088 conversio
1610 3024 1776 3087 facta
1807 3025 1869 3086 in
1907 3028 1950 3092 C
1983 3024 2370 3087 intrinsecus
2401 3022 2921 3095 advenienteS,de
2950 3020 3185 3105 quibus
3216 3022 3336 3085 hoc
3367 3020 3484 3083 mi-

371 3123 609 3206 ipsum,
643 3132 708 3187 et
752 3143 867 3206 per
909 3125 1112 3207 ipsam
1160 3125 1639 3187 conversionem
1684 3144 1870 3186 suum

371 3242 510 3286 esse
555 3222 803 3285 alicubi
854 3222 965 3285 ubi
1013 3230 1158 3285 ante
1207 3241 1335 3286 non
1385 3230 1540 3297 erat,
1571 3222 1710 3286 sine
1760 3243 1874 3285 sua

375 3322 728 3385 mutatione
771 3328 835 3384 et
873 3322 1172 3385 motione.
1207 3321 1336 3385 Nec
1374 3330 1578 3404 potest
1625 3323 1744 3385 hoc
1784 3340 1876 3384 se-

373 3421 662 3483 cundum
691 3438 832 3482 esse
862 3420 1002 3482 sine
1031 3420 1262 3502 primo,
1297 3422 1448 3502 quia
1478 3420 1875 3510 impossibile

373 3525 469 3579 est
511 3515 837 3580 Christum
892 3516 1440 3580 dimensionaliter
1486 3518 1680 3580 simul
1737 3538 1876 3581 esse

373 3614 444 3677 in
485 3613 786 3697 pluribus
837 3614 1012 3677 locis.
1047 3614 1406 3697 Dicuntque
1447 3615 1670 3698 aliqui,
1705 3616 1874 3698 quod

373 3732 492 3775 nec
542 3712 828 3794 primum
879 3712 1107 3775 horum
1155 3721 1364 3796 potest
1410 3733 1549 3777 esse
1597 3715 1736 3777 sine
1785 3734 1876 3777 se-

375 3814 607 3887 eundo,
643 3812 733 3875 ita
758 3812 1026 3885 scilicet,
1049 3815 1218 3895 quod
1249 3813 1302 3874 si
1333 3821 1653 3895 ponantur
1683 3814 1876 3877 simul

375 3918 440 3974 et
482 3911 920 3974 dimensiones
969 3919 1033 3974 et
1081 3911 1437 3974 substantia
1495 3913 1677 3994 panis
1730 3930 1876 3976 con-

373 4008 534 4071 verti
582 4009 648 4070 in
695 4008 1128 4073 dimensione-s
1171 4018 1235 4073 et
1275 4010 1699 4073 substantiam
1743 4029 1877 4074 cor-

377 4107 546 4190 poris
590 4106 850 4183 Christi,
884 4127 961 4171 ex
994 4108 1132 4190 ipsa
1171 4110 1584 4173 conversione
1618 4128 1878 4173 necesse

1983 3143 2104 3185 nus
2134 3121 2408 3196 videtur,
2428 3128 2696 3204 possunt
2726 3118 3079 3202 plurificari
3113 3118 3486 3184 fundamen-

1983 3230 2044 3284 to
2072 3221 2294 3284 eodem
2327 3229 2637 3293 manent-e,
2652 3227 2723 3281 ut
2751 3220 3093 3282 secundum
3124 3219 3483 3282 albedinem

1986 3339 2177 3382 unam
2209 3318 2677 3385 similitudines,
2697 3318 2855 3381 duas
2888 3316 3139 3380 fundari
3168 3317 3245 3380 ad
3276 3318 3485 3381 termi-

1987 3435 2102 3481 nos
2147 3419 2324 3481 duos.
2360 3418 2548 3480 Porro
2593 3418 2761 3497 quod
2806 3419 2923 3477 ubi
2966 3434 3092 3480 non
3144 3416 3311 3479 dicat
3358 3416 3483 3478 nisi

1988 3525 2352 3598 respectum
2414 3515 2811 3578 extrinsecus
2868 3514 3337 3589 advenientem,
3390 3532 3488 3577 os-

1989 3624 2243 3679 tensum
2276 3622 2389 3678 est.
2426 3615 2503 3676 Et
2542 3614 2779 3677 mirum
2818 3615 2987 3696 quod
3028 3621 3365 3696 sequentes
3398 3633 3490 3676 ra-

1990 3715 2253 3787 tionem,
2280 3721 2523 3776 tantum
2555 3720 2911 3793 sequuntur
2942 3712 3485 3794 imaginationem,

1991 3812 2160 3895 quod
2192 3811 2341 3894 quia
2374 3810 2739 3892 Imaginatio
2768 3827 2892 3873 non
2926 3818 3177 3892 separat
3213 3810 3422 3872 locum
3452 3830 3489 3872 a

1991 3927 2276 3993 corpore,
2310 3928 2428 3972 nec
2476 3915 2755 3983 econtra,
2798 3927 2916 3971 nec
2965 3908 3240 3991 percipit
3288 3928 3489 3970 unum

1991 4008 2345 4091 plurificari
2378 4007 2517 4071 sine
2555 4006 2701 4081 alic,
2738 4007 2878 4070 ideo
2916 4008 3163 4070 dicatur
3203 4006 3492 4088 impossi-

1991 4108 2122 4171 bile
2154 4126 2292 4170 esse
2330 4104 2732 4187 simpliciter,
2767 4125 2965 4169 unum
3009 4105 3147 4167 sine
3186 4104 3312 4169 alio
3350 4106 3490 4187 plu-

375 4213 470 4267 est
497 4223 644 4267 esse
675 4223 906 4287 corpus
937 4206 1168 4269 Christi
1203 4206 1312 4269 ubi
1352 4208 1684 4271 conversio
1715 4208 1878 4271 facta
1911 4210 1960 4271 D
1991 4204 2254 4280 rificari,
2290 4204 2639 4287 praesertim
2675 4223 2873 4286 quum
2912 4204 3050 4286 ipsa
3080 4206 3197 4265 ubi
3223 4204 3352 4266 sint
3380 4222 3491 4285 po·

375 4304 518 4377 fuit,
553 4311 622 4366 et
651 4304 835 4385 panis
865 4303 1099 4367 desinit
1127 4324 1268 4367 esse
1298 4305 1498 4387 panis,
1524 4306 1699 4380 Quod
1730 4314 1794 4369 et
1823 4307 1876 4369 si

375 4421 599 4464 verum
651 4409 840 4475 esset,
874 4419 1001 4464 non
1047 4409 1256 4466 tamen
1301 4412 1470 4467 esset
1512 4404 1602 4466 ibi
1646 4422 1877 4487 corpus

378 4499 610 4563 Christi
673 4500 1028 4563 secundum
1090 4500 1401 4564 rationem
1463 4522 1723 4565 suarum
1781 4503 1877 4565 di-

379 4598 810 4673 mensionum,
863 4598 927 4662 id
975 4606 1093 4674 est,
1138 4599 1684 4665 dimensionaliter
1736 4619 1750 4664 τ
1803 4602 1880 4665 de

379 4696 550 4778 quali
603 4697 794 4759 modo
843 4698 1071 4779 quaerit
1117 4698 1252 4761 haec
1301 4700 1587 4781 quaestio.
1638 4699 1880 4763 Idcirco

377 4812 450 4856 ex
482 4794 596 4857 illo
629 4811 758 4856 non
789 4801 997 4876 potest
1026 4795 1194 4858 istud
1236 4795 1511 4878 probari.
1544 4797 1699 4860 Nam
1733 4804 1797 4860 et
1825 4797 1878 4860 si

378 4892 810 4955 dimensiones
861 4891 1044 4974 panis
1103 4902 1626 4958 converterentur
1673 4896 1736 4957 in
1787 4895 1882 4957 di-

381 4990 744 5053 mensiones
773 4991 1058 5072 corporis
1089 4991 1321 5055 Christi
1353 4992 1594 5075 absque
1625 5012 1882 5057 conver-

379 5090 553 5153 sione
583 5088 961 5153 suhstantiae
992 5090 1176 5171 panis
1207 5090 1272 5153 in
1305 5091 1721 5154 substantiam
1751 5109 1882 5155 cor-

385 5189 576 5269 poriS,
639 5206 768 5251 non
824 5196 1040 5251 tamen
1106 5190 1536 5252 dimensiones
1598 5190 1881 5272 corporis

383 5286 610 5351 Christi
655 5294 870 5350 essent
912 5287 976 5349 in
1019 5287 1376 5350 substantia
1414 5288 1597 5370 panis
1641 5288 1882 5351 dimen-

1991 4304 2255 4367 steriora
2287 4309 2523 4386 quanto
2556 4303 2780 4376 locato,
2814 4310 2879 4364 et
2916 4301 3390 4365 accidentaliter
3416 4321 3491 4366 ac

1993 4403 2433 4485 contingenter
2472 4402 2895 4465 advenientia.
2943 4402 3087 4465 Haec
3129 4402 3371 4464 Scotus.

2068 4502 2185 4577 Qui
2217 4502 2387 4565 cit-ca
2415 4502 2549 4565 haec
2581 4502 2827 4583 prolixe
2857 4501 3203 4583 disceptat3
3222 4509 3283 4563 et
3314 4500 3493 4583 quid-

1988 4600 2143 4683 quid
2175 4599 2258 4662 sit
2286 4600 2363 4663 de
2405 4599 2671 4663 veritate
2709 4598 3161 4674 conclusioniS‚
3195 4599 3493 4661 videntur

1988 4698 2160 4761 dicta
2190 4697 2606 4780 praecedentis
2640 4697 2974 4779 positionis
3006 4696 3209 4778 magis
3242 4696 3487 4759 idonea.

1988 4796 2149 4871 Quid
2179 4802 2391 4858 autem
2424 4794 2837 4876 Omnipotens
2869 4794 3070 4876 possit
3102 4794 3165 4855 in
3204 4793 3341 4855 istis
3371 4793 3493 4856 dif-

1988 4892 2405 4967 ficultatibuS,
2426 4891 2699 4955 definire
2732 4891 2982 4955 videtur
3012 4891 3359 4955 incautum.
3376 4892 3491 4953 Va·

1991 4994 2101 5057 riis
2133 4992 2365 5055 etenim
2400 4990 2605 5054 modis
2638 4997 2841 5073 potest
2868 4990 3161 5053 eumdem
3194 4988 3493 5053 effectum

1990 5092 2363 5175 producere,
2407 5098 2472 5153 et
2518 5088 2813 5172 pluribus
2861 5108 2934 5151 ac
2988 5087 3491 5151 mirabilioribus

1992 5190 2198 5253 modis
2241 5207 2431 5270 quam
2474 5186 2831 5269 excogitare
2873 5186 3080 5250 valcat
3118 5186 3327 5249 homo.
3362 5186 3492 5251 Nec

1989 5288 2191 5351 audeo
2230 5285 2466 5360 dicere,
2498 5284 2655 5368 quin
2695 5283 2897 5367 possit
2934 5283 3219 5360 efficere,
3259 5301 3493 5366 corpus
