4267 6250
1468 535 1547 584 nn
1588 519 2009 583 consumens
2032 532 2360 581 rumim

3342 510 3466 577 529

358 722 582 787 poenas
630 706 932 771 inflictas.
966 742 1049 754 —
1083 707 1274 771 Porro
1322 706 1625 768 recedens
1672 723 1711 765 a
1754 702 1860 766 via
1887 700 1937 766 A
1968 701 2142 766 tione
2182 720 2298 785 per
2339 701 2757 783 ignorantiam
2795 700 3187 765 desidiamve
3225 706 3464 783 protra-

356 812 551 877 recta‚
568 811 783 887 potest
808 805 1153 888 dupliciter
1180 803 1487 877 revocari,
1504 802 1857 865 secundum

357 900 817 985 Philosophum
874 903 1127 966 decimo
1184 901 1573 964 Ethicorum.
1623 899 1855 973 Primo,

358 1018 477 1082 per
516 1000 815 1064 timorem
864 1009 975 1063 aut
1012 1000 1233 1064 odium
1282 998 1491 1081 turpis
1534 1017 1549 1062 z
1592 1004 1663 1059 ut
1704 998 1857 1060 dum

358 1099 505 1180 quis
534 1099 1003 1181 turpitudinem
1044 1097 1289 1181 peccati
1324 1105 1388 1161 et
1417 1095 1857 1160 confusionem

358 1197 511 1259 inde
540 1204 912 1279 sequentem
944 1196 1365 1261 abominatur.
1402 1194 1713 1267 Secundo,
1747 1210 1862 1275 per

360 1294 663 1357 timorem
708 1303 773 1357 et
818 1294 1039 1358 odium
1088 1293 1289 1357 tristis
1333 1310 1348 1354 ε
1396 1299 1467 1354 ut
1512 1292 1665 1354 dum
1715 1289 1859 1372 quis

357 1392 707 1457 acerbitate
766 1410 971 1475 poenae
1028 1392 1293 1455 inflictae
1353 1398 1462 1453 aut
1518 1388 1861 1452 formidine

360 1491 731 1573 infligendae
770 1491 975 1554 resilit
1007 1510 1044 1553 a
1075 1497 1355 1572 peccato.
1389 1488 1725 1569 Quumque
1764 1505 1860 1548 se-

360 1590 613 1653 cundus
654 1590 881 1653 modus
923 1590 1039 1653 iste
1079 1588 1163 1651 sit
1194 1606 1343 1651 cum
1376 1585 1676 1649 violentia
1712 1604 1861 1668 qua-

360 1690 531 1761 dam,
565 1696 737 1751 recte
775 1688 1085 1751 correctio
1122 1686 1502 1770 appellatur,
1534 1684 1715 1767 quasi
1758 1702 1861 1745 us-

360 1806 485 1870 que
545 1788 625 1849 ad
675 1786 1127 1849 rectitudinem
1185 1785 1561 1868 perducens,
1613 1782 1861 1845 Primus

1968 800 2160 862 bitur.

2048 898 2111 961 Si
2166 905 2378 961 autem
2436 906 2776 981 quoeratur,
2827 906 3044 961 utrum
3100 914 3324 962 omnes
3380 896 3460 961 ad

1967 996 2434 1079 correptionem
2481 997 2823 1061 fraternam
2873 1004 3204 1076 tenentur3
3249 994 3464 1059 dicen-

1966 1094 2146 1169 dum,
2186 1096 2354 1178 quod
2398 1096 2562 1159 sicut
2597 1097 2803 1179 (juxta
2841 1096 3296 1178 Philosophum
3345 1114 3462 1158 un·

1968 1191 2220 1255 decimo
2267 1193 2732 1277 Metaphysicae)
2779 1194 2844 1257 in
2875 1194 3176 1257 'exercitu
3223 1194 3460 1277 duplex

1968 1297 2061 1352 est
2092 1291 2270 1365 ordo,
2303 1310 2469 1354 unus
2499 1292 2693 1355 totius
2733 1293 3052 1356 exercitus
3089 1293 3167 1356 ad
3206 1293 3460 1367 ducem,

1968 1388 2128 1451 alter
2174 1407 2303 1472 quo
2348 1389 2580 1472 singuli
2630 1391 2709 1454 de
2756 1390 3042 1455 exercitu
3089 1390 3466 1455 ordinantur

1968 1486 2047 1549 ad
2096 1485 2417 1567 invicem3
2469 1488 2555 1550 ita
2613 1488 2679 1550 in
2739 1489 3218 1553 conversatione
3265 1489 3466 1553 homi·

1970 1602 2127 1646 num
2179 1592 2421 1659 mutua,
2475 1604 2641 1649 unus
2689 1593 2787 1649 est
2832 1587 2987 1650 ordo
3037 1588 3325 1650 omnium
3382 1587 3462 1650 ad

1970 1682 2325 1764 praelatum,
2373 1684 2533 1746 alter
2579 1685 2978 1767 singulorum
3031 1687 3108 1750 ad
3159 1686 3458 1749 invicem.

1970 1782 2045 1844 Et
2076 1784 2232 1846 ordo
2265 1791 2531 1867 uterque
2567 1785 2920 1848 instituitur
2957 1794 3276 1869 praeeepto
3307 1786 3462 1867 legis

360 1904 515 1950 vero
552 1888 783 1950 modus
822 1886 1079 1969 proprie
1116 1886 1483 1950 nominatur
1520 1882 1854 1964 correptio.
1894 1876 1942 1940 B
1971 1881 2222 1945 divinae.
2277 1882 2442 1945 Ordo
2494 1890 2708 1946 autem
2757 1884 3000 1967 praelati
3047 1884 3125 1948 ad
3174 1884 3464 1947 subditos

362 1985 475 2047 llla
534 2004 813 2068 namque
869 1985 1004 2067 rapi
1066 1984 1388 2058 dicuntur,
1451 2001 1591 2066 quae
1648 1980 1862 2043 subito

358 2084 743 2147 auferuntur
786 2102 801 2146 ε
845 2084 1013 2147 unde
1050 2092 1113 2147 et
1150 2082 1391 2166 syllaba
1438 2080 1671 2164 corripi
1708 2080 1862 2143 dici·

360 2193 487 2259 tur,
535 2203 678 2266 quae
726 2183 960 2256 subit0,
1005 2182 1186 2265 quasi
1236 2181 1467 2263 raptim
1517 2179 1855 2264 profertur.

358 2284 626 2356 Idcirco,
640 2282 795 2344 dum
826 2282 1016 2344 bomo
1044 2300 1122 2343 ex
1152 2280 1273 2343 hoc
1303 2280 1473 2363 quod
1503 2280 1563 2341 ei
1594 2278 1864 2361 turpitu-

358 2383 437 2446 do
488 2382 737 2465 peccati
787 2380 1163 2455 ostenditur,
1214 2385 1407 2461 atque
1461 2377 1540 2441 ad
1600 2376 1861 2441 meliora

360 2488 681 2554 monetur,
714 2479 852 2562 ipse
892 2497 1008 2560 per
1042 2498 1111 2541 se
1141 2478 1217 2540 ad
1260 2476 1659 2540 rectitudinis
1688 2476 1858 2538 viam

356 2578 725 2652 revertitur,
778 2576 1013 2660 corripi
1064 2576 1316 2639 dicitur.
1367 2575 1587 2638 Modus
1643 2582 1857 2637 autem

358 2677 720 2760 corrigendi
760 2694 876 2758 per
916 2692 1157 2758 poenaS,
1188 2674 1343 2737 solis
1372 2672 1672 2736 convenit
1701 2691 1857 2754 prae-

358 2776 503 2839 latis
522 2794 538 2840 ε
557 2792 835 2858 quorum
859 2772 1055 2837 verba
1084 2771 1323 2835 habent
1346 2771 1479 2834 vim
1510 2770 1858 2833 coactivam

358 2882 421 2938 et
457 2873 869 2937 coercitivam
900 2891 1017 2954 per
1045 2889 1379 2953 poenarum
1412 2868 1855 2932 inflictionem.

358 2974 535 3036 Alter
560 2988 711 3034 vero
740 2970 965 3033 modus
993 2968 1284 3032 ordinem
1317 2966 1703 3050 praelationis
1732 2983 1859 3028 non

1972 1981 2355 2060 consistit-in
2394 1982 2536 2057 hoc,
2571 1990 2640 2044 ut
2667 2001 2890 2047 omnes
2928 1983 3168 2047 subditi
3201 1984 3465 2046 tendant

1970 2081 2046 2143 ad
2086 2079 2326 2143 bonum
2369 2099 2710 2145 commune
2748 2082 2920 2164 quod
2959 2082 3256 2165 praelatus
3290 2090 3466 2145 tene-

1971 2187 2075 2241 tur
2114 2179 2466 2256 intendere,
2499 2188 2562 2243 et
2591 2181 2760 2263 quod
2798 2182 2876 2243 ad
2913 2181 3033 2244 hoc
3065 2181 3276 2263 ipsum
3312 2200 3466 2264 prae·

1970 2278 2135 2342 latus
2165 2280 2394 2361 dirigat
2423 2298 2548 2344 eos.
2583 2280 2749 2344 Ordo
2777 2298 2928 2344 vero
2957 2280 3354 2345 subditorum
3386 2281 3464 2344 ad

1970 2378 2248 2441 invicem
2281 2385 2398 2452 est,
2431 2379 2602 2465 quod
2637 2380 3080 2463 unusquisque
3123 2398 3240 2461 pro
3278 2396 3464 2462 posse

1968 2476 2150 2539 alteri
2196 2476 2523 2558 impendat
2561 2477 2874 2539 auxilium
2924 2478 3000 2539 ad
3043 2477 3464 2541 obtinendum

1970 2574 2173 2657 ipsius
2205 2574 2468 2637 bonurn.
2502 2575 2684 2651 Hinc,
2721 2575 2888 2638 sicut
2922 2575 3200 2658 praelatis
3241 2575 3463 2658 praeci·

1969 2674 2144 2757 pitur
2181 2692 2398 2736 curam
2438 2692 2656 2754 gerere
2693 2673 3117 2749 subditorum,
3149 2681 3214 2735 et
3252 2673 3466 2737 subdi-

1969 2773 2050 2835 tis
2088 2772 2350 2835 obedire
2385 2772 2582 2854 jussis
2619 2789 2874 2853 eorum3
2906 2771 2998 2835 sic
3037 2779 3101 2835 et
3129 2771 3465 2855 cooequali-

1969 2870 2090 2934 bus
2150 2871 2424 2934 invicem
2476 2871 2729 2953 jussum
2777 2878 2895 2945 est,
2946 2878 3018 2933 ut
3063 2870 3189 2934 sibi
3240 2878 3464 2933 mutuo

1970 2969 2177 3032 ferant
2215 2968 2523 3032 auxilium
2569 2987 2696 3032 non
2742 2969 2807 3031 in
2851 2968 3286 3052 corporalibus
3327 2976 3463 3031 tan-

361 3072 581 3154 exigit,
644 3068 937 3153 quamvis
992 3067 1149 3132 ordo
1203 3066 1589 3149 praelationis
1644 3065 1860 3149 ipsum
1895 3069 1940 3135 C
1971 3075 2131 3144 tum,
2157 3068 2287 3131 imo
2317 3073 2380 3132 et
2407 3067 2472 3130 in
2503 3067 2942 3150 spiritualibus
2972 3068 3194 3150 magis.
3227 3068 3462 3143 Quum·

362 3171 648 3254 requirat
681 3186 696 3231 :
734 3186 879 3232 nam
912 3167 1139 3230 modus
1179 3166 1287 3228 ille
1325 3185 1441 3248 per
1470 3164 1735 3229 verbera
1762 3166 1864 3228 ad·

362 3269 573 3332 hiberi
614 3285 739 3330 non
779 3265 990 3340 debet,
1024 3265 1146 3328 nisi
1190 3264 1299 3327 ubi
1340 3265 1567 3328 modus
1608 3264 1715 3328 ille
1747 3283 1861 3347 per

360 3366 559 3430 verba
588 3363 871 3428 salubria
900 3362 1111 3426 locum
1141 3381 1269 3426 non
1300 3363 1562 3425 invenit.
1596 3399 1679 3408 —
1706 3363 1861 3427 Con-

362 3465 678 3539 l'ormiter,
715 3464 907 3526 bomo
944 3467 1152 3544 potest
1196 3461 1413 3524 reduci
1458 3461 1536 3524 ad
1580 3469 1859 3524 mentem

360 3562 709 3647 dupliciter
748 3579 765 3624 t
808 3561 1040 3644 prim0,
1082 3566 1391 3642 quantum
1438 3560 1519 3622 ad
1562 3559 1861 3640 cognitio-

360 3681 511 3726 nem
556 3659 1055 3743 speculativam3
1095 3657 1397 3732 secundo,
1430 3665 1739 3740 quantum
1781 3657 1858 3719 ad

358 3759 656 3826 notitiam
726 3757 1097 3841 practicam,
1158 3775 1299 3838 quae
1356 3774 1471 3838 per
1530 3754 1861 3818 electionis

364 3857 787 3942 ignorantiam
836 3854 1258 3937 intercipitur.
1312 3853 1541 3936 Sicque
1588 3851 1859 3934 duplici-

362 3967 459 4021 ter
496 3957 691 4020 homo
726 3955 803 4017 ad
850 3961 1131 4016 mentem
1177 3952 1518 4016 reducitur.
1554 3951 1689 4013 Uno
1726 3967 1859 4012 mo—

362 4057 444 4120 do
482 4074 633 4118 cum
675 4053 949 4136 quadam
989 4050 1315 4114 coactione
1349 4070 1364 4114 z
1399 4067 1511 4112 seu
1548 4047 1757 4123 factis,
1790 4057 1861 4112 ut

364 4153 622 4239 quando
668 4151 969 4235 punitur3
1018 4156 1129 4212 aut
1176 4147 1391 4211 verbis
1439 4148 1571 4210 vim
1628 4147 1858 4211 coacti·

1970 3187 2095 3250 que
2126 3167 2478 3230 maximum
2504 3167 2813 3230 auxilium
2848 3168 3088 3230 bomini
3120 3153 3234 3251 per
3263 3185 3466 3231 corre·

1968 3267 2246 3350 ptionem
2275 3265 2342 3328 in
2372 3265 2806 3347 spiritualibus
2834 3265 3219 3340 adhibeatur,
3231 3266 3466 3331 idcirco

1970 3365 2045 3428 ad
2096 3365 2281 3427 istam
2335 3364 2800 3445 correptionem
2848 3381 3070 3427 omnes
3118 3383 3195 3428 ex
3243 3366 3464 3430 divino

1970 3469 2288 3545 praecepto
2315 3467 2627 3524 tenentur.
2641 3461 2927 3534 Quamvis
2955 3461 3128 3524 enim
3159 3462 3278 3525 soli
3307 3482 3464 3545 prae-

1970 3560 2079 3622 lati
2108 3578 2182 3622 ac
2213 3558 2572 3641 superiores
2610 3558 2884 3622 habeant
2911 3577 3128 3621 curam
3161 3559 3458 3636 aliorum,

1968 3658 2268 3721 videlicet
2329 3656 2753 3731 subditorum,
2813 3657 3193 3740 simpliciter
3253 3661 3459 3742 quoad

1970 3763 2165 3820 totam
2198 3757 2392 3819 vitam
2435 3755 2744 3838 ipsorum,
2777 3755 3001 3818 saltem
3033 3757 3240 3838 quoad
3273 3777 3348 3820 ea
3383 3758 3461 3822 ad

1969 3875 2110 3937 quae
2155 3854 2435 3937 praelatio
2476 3861 2588 3916 aut
2625 3854 3036 3936 superioritas
3078 3855 3217 3938 ipsa
3255 3875 3324 3920 se
3357 3876 3462 3920 ex-

1968 3953 2206 4033 tendit3
2257 3960 2470 4016 tamen
2520 3952 2872 4015 secundum
2917 3953 3072 4035 quid
3121 3957 3463 4038 unusquis·

1969 4070 2094 4135 que
2132 4070 2211 4114 ex
2251 4051 2509 4114 caritate
2550 4057 2805 4114 tenetur
2844 4051 3078 4114 habere
3121 4070 3339 4116 curam
3385 4055 3463 4119 de

1969 4149 2256 4233 quolibet
2291 4149 2436 4224 alio,
2472 4149 2612 4212 loco
2649 4155 2714 4212 et
2749 4157 3036 4233 tempore
3077 4159 3458 4234 opportuno,

363 4272 509 4319 vam
575 4249 983 4325 habentibus,
1045 4257 1117 4311 ut
1170 4249 1323 4311 dum
1383 4247 1537 4330 quid
1596 4243 1859 4328 jubetur
1886 4253 1939 4317 D
1968 4257 2031 4313 et
2074 4249 2140 4311 in
2187 4248 2554 4332 particulari
2601 4255 2973 4312 occurrente
3015 4249 3287 4331 negotio.
3321 4251 3462 4316 Pro-

364 4351 535 4438 quod
566 4357 811 4434 spectat
837 4349 914 4412 ad
946 4347 1388 4429 corrigentem.
1424 4345 1715 4408 Secundo
1745 4366 1859 4429 per

364 4450 687 4535 simplicia
725 4447 939 4522 verba,
971 4466 1113 4531 quae
1154 4445 1573 4508 admonitoria
1616 4463 1859 4507 nuncu-

360 4557 617 4633 pantur.
650 4548 987 4628 Quumque
1016 4545 1121 4607 hic
1153 4544 1377 4607 modus
1406 4544 1486 4607 ad
1516 4543 1862 4626 corripien-

362 4658 491 4712 tem
536 4647 874 4730 pertineat,
907 4643 998 4706 nil
1036 4643 1211 4706 aliud
1245 4650 1343 4706 est
1370 4643 1509 4725 ipsa
1544 4641 1861 4725 correptio

359 4767 556 4832 quam
605 4743 976 4818 admonitio,
1017 4762 1159 4826 quae
1202 4742 1491 4824 ejusdem
1540 4749 1718 4805 actus
1764 4749 1863 4804 est

362 4847 549 4929 cujus
587 4852 654 4908 et
689 4842 1049 4926 praeceptio.
1084 4841 1372 4924 Denique
1414 4859 1603 4904 nemo
1652 4859 1863 4905 move-

364 4953 467 5009 tur
496 4965 577 5008 ex
607 4943 837 5006 timore
866 4947 977 5004 aut
1004 4940 1151 5003 odio
1178 4940 1406 5022 turpis,
1434 4939 1565 5001 'nisi
1594 4940 1700 5002 eui
1728 4940 1859 5022 jam

365 5046 532 5110 inest
570 5041 788 5125 aliquo
830 5040 1021 5103 modo
1058 5056 1240 5101 amor
1277 5037 1427 5101 boni
1472 5057 1545 5101 ac
1585 5039 1857 5121 pulchri.

364 5145 527 5209 Hinc
575 5149 643 5204 et
692 5139 844 5223 quia
888 5137 1205 5220 correptio
1251 5137 1369 5199 hac
1409 5137 1513 5201 via
1552 5138 1860 5220 procedit,

1970 4357 2111 4432 pter
2150 4348 2317 4430 quod
2363 4347 2430 4410 in
2473 4347 2917 4412 Ecclesiastico
2959 4349 3272 4431 scriptum
3313 4359 3458 4414 est:

1970 4440 2323 4530 Unicuique
2355 4447 2679 4510 mandavit
2705 4447 2872 4509 Deus
2901 4447 2980 4509 de
3009 4448 3301 4530 proximo
3330 4467 3456 4514 suo.
3489 4467 3749 4522 secam..

1968 4547 2152 4611 Teste
2210 4565 2464 4628 quoque
2508 4545 2831 4629 Apostolo,
2883 4546 3172 4611 membra
3227 4566 3345 4631 pro
3393 4568 3461 4612 se
3491 4534 3751 4646 spemn„

3487 4659 3555 4703 2⁵.

1970 4645 2248 4708 invicem
2291 4644 2527 4707 debent
2568 4661 2707 4706 esse
2750 4643 3037 4707 sollicita.

2050 4743 2128 4806 At
2165 4759 2339 4818 ver0,
2375 4761 2574 4825 quum
2611 4749 3002 4824 praeceptum
3039 4741 3208 4806 istud
3243 4743 3462 4808 frater-

1972 4862 2067 4906 nae
2098 4841 2518 4924 correptionis
2549 4840 2630 4903 sit
2655 4839 3142 4917 affirmativum,
3170 4845 3464 4925 quamvis

1971 4940 2210 5022 obliget
2239 4957 2514 5020 semper,
2547 4955 2674 5002 non
2703 4945 2916 5000 tamen
2946 4939 3024 5002 ad
3064 4959 3335 5024 semper.
3371 4944 3465 5006 ld·

1971 5041 2145 5103 circo
2181 5039 2259 5101 de
2297 5056 2374 5101 eo
2415 5037 2492 5100 ad
2532 5037 2701 5121 quod
2743 5036 3141 5120 implendum
3171 5047 3468 5106 tenemur

1976 5140 2042 5202 in
2069 5137 2287 5219 aliquo
2315 5155 2488 5211 casu,
2521 5135 2816 5218 quamvis
2850 5154 2976 5200 non
3010 5137 3076 5201 in
3107 5141 3304 5215 omni,
3338 5159 3466 5204 non

346 5241 629 5328 'proprie
676 5227 1017 5302 adhibetur
1062 5236 1123 5299 ei
1172 5235 1283 5320 qui
1337 5236 1471 5318 jam
1520 5236 1712 5300 habet
1759 5237 1867 5301 bo·
1976 5245 2072 5301 est
2108 5234 2473 5310 consilium,
2507 5235 2619 5298 sed
2661 5241 3051 5316 praeceptum
3085 5238 3284 5320 :quia
3320 5256 3468 5303 con-

344 5351 527 5406 ‘num
577 5336 1001 5423 propositum,
1041 5355 1078 5398 a
1120 5335 1306 5417 cujus
1348 5341 1561 5399 tamen
1610 5354 1867 5399 exsecu-

623 5471 691 5523 T.
726 5469 808 5522 24.

1978 5334 2198 5398 silium
2228 5351 2556 5416 nunquam
2587 5331 2826 5414 obligat
2854 5332 2976 5395 nisi
3009 5353 3124 5416 per
3151 5334 3270 5399 hoc
3298 5337 3469 5420 quod

3157 5469 3218 5520 34
