4267 6250
82 1383 84 1386 ’
148 1393 283 1436 theat.

917 509 1006 556 AN
1045 507 1270 556 comus
1311 507 1547 556 CHRISTI
1589 507 1682 553 SIT
1723 506 1788 553 m
1829 505 2231 553 SACRAJOENTO
2271 505 2801 554 cmcmtscmr'rlvE

3292 487 3413 553 257

323 687 444 740 tum
471 677 826 759 objectum,
855 679 1022 742 ultra
1049 679 1219 762 quod
1253 697 1321 742 se
1351 695 1477 742 non
1510 677 1679 742 valet
1707 697 1812 741 ex·
1841 677 1894 742 A
1921 677 2257 760 Quumque
2286 696 2365 741 ex
2394 677 2459 741 vi
2488 677 2890 753 sacramenti,
2922 694 3155 760 corpus
3185 675 3417 740 Christi

323 775 588 838 tendere.
639 777 710 839 In
769 776 1116 839 substantia
1161 795 1312 840 vero
1367 776 1679 860 reperitur
1734 775 1812 838 fi-

321 875 492 948 nitaS‚
535 874 748 938 solum
791 894 870 938 ex
909 893 984 938 eo
1023 875 1194 958 quod
1232 874 1695 940 determinatur
1731 875 1810 937 ad

320 991 505 1054 genus
563 980 630 1036 et
687 973 990 1056 speciem.
1043 973 1250 1036 Minus
1309 991 1458 1055 ergo
1505 973 1812 1056 competit

322 1071 558 1153 corpori
600 1071 834 1134 Christi
871 1071 1222 1134 secundum
1265 1071 1436 1153 quod
1473 1078 1572 1134 est
1609 1071 1677 1133 in
1717 1090 1810 1134 sa-

323 1176 656 1244 eramento,
671 1167 1114 1232 circumscribi
1143 1177 1208 1231 et
1236 1169 1810 1233 commensurative

324 1285 446 1330 esse
491 1267 560 1328 in
606 1267 768 1342 loco,
812 1287 1006 1351 quam
1048 1268 1292 1348 angelo.

391 1363 518 1427 Nee
547 1365 742 1428 etiam
772 1372 871 1428 est
900 1365 990 1428 ihi
1019 1364 1372 1429 definitive.
1405 1366 1694 1448 Arguunt
1722 1373 1809 1428 ta-

327 1481 459 1525 men
517 1463 784 1526 rationis
844 1463 1070 1545 ignari,
1130 1463 1328 1526 fidem
1387 1462 1812 1546 impossibilia

325 1577 570 1641 ponere,
603 1580 804 1643 quum
835 1580 1038 1624 unum
1080 1569 1144 1623 et
1174 1561 1343 1625 idem
1373 1579 1643 1624 numero
1677 1579 1810 1624 cor-

325 1677 431 1739 pus
469 1658 762 1722 dicamus
801 1658 995 1722 simul
1035 1679 1174 1723 esse
1213 1660 1279 1722 in
1320 1660 1482 1723 coelo
1520 1666 1584 1722 et
1623 1660 1688 1722 in
1727 1660 1812 1721 al-

324 1757 453 1830 tari,
485 1757 616 1820 imo
646 1757 712 1819 in
741 1757 1048 1820 altaribus
1079 1765 1143 1821 et
1169 1758 1396 1821 hostiis
1425 1757 1608 1820 valde
1649 1758 1811 1820 mul·

1920 775 2004 838 sit
2033 775 2098 838 in
2126 776 2308 839 altari
2339 776 2578 839 ratione
2606 776 2987 848 substantiae,
3001 783 3066 838 et
3093 793 3210 858 per
3235 793 3422 858 quan-

1920 874 2167 938 titatem
2199 874 2289 937 ibi
2320 892 2449 937 non
2478 882 2885 958 comparetur
2912 874 2990 937 ad
3020 873 3165 950 alia,
3200 872 3422 956 quoni-

1919 991 2024 1034 am
2056 972 2273 1036 finitas
2304 972 2675 1036 substantiae
2705 991 2832 1036 non
2862 973 3189 1036 concernit
3216 972 3420 1035 deter-

1923 1071 2341 1134 minationem
2380 1073 2561 1145 situs,
2596 1071 2706 1134 sed
2745 1072 2997 1152 generis
3034 1090 3107 1134 ac
3136 1069 3417 1153 speciei3

1921 1168 2169 1231 sufficit
2237 1187 2469 1252 corpus
2540 1169 2773 1233 Christi
2845 1178 3032 1252 prout
3101 1169 3167 1231 in
3236 1166 3418 1232 altari

1921 1274 2038 1340 est,
2089 1266 2500 1329 determinari
2556 1266 2635 1328 ad
2662 1266 2845 1328 ·illud
2896 1285 3098 1348 genus
3145 1284 3220 1328 ac
3276 1283 3417 1348 spe·

1922 1363 2110 1437 ciem,
2145 1364 2797 1447 individuationisque
2843 1365 3125 1439 modum,
3156 1365 3236 1426 ad
3276 1382 3418 1446 quae

1922 1463 2383 1526 determinatur
2412 1470 2483 1525 ut
2521 1463 2713 1526 estin
2752 1462 2936 1538 coelO,
2969 1480 3097 1526 non
3135 1463 3213 1525 ad
3244 1481 3420 1525 eum-

1921 1562 2068 1623 dem
2117 1561 2337 1635 situm,
2388 1581 2591 1644 quum
2639 1562 2785 1624 talis
2835 1560 3053 1624 finitas
3102 1567 3423 1643 competat

1919 1659 2258 1742 quantitati
2307 1668 2497 1742 prout
2544 1678 2645 1722 res
2684 1679 2800 1743 per
2836 1678 2975 1722 eam
3017 1667 3422 1742 comparatur

1918 1758 1997 1820 ad
2028 1757 2261 1820 locum.
2298 1758 2375 1820 Et
2404 1758 2492 1820 ita
2523 1758 2696 1820 illius
2725 1776 2852 1834 per
2880 1759 3200 1830 acc-idem,
3232 1757 3419 1839 cujus

327 1854 414 1916 tis.
467 1854 560 1916 Ad
615 1855 788 1937 quod
842 1854 1043 1937 aliqui
1101 1854 1588 1937 responderunt,
1639 1856 1809 1937 quod
1838 1854 1885 1917 B
1921 1873 2108 1916 causa
2148 1853 2569 1936 quaerebatur,
2601 1857 2917 1937 assignata
2953 1863 3050 1918 est
3086 1855 3265 1918 ratio.
3300 1855 3419 1918 Un-

327 1970 543 2034 eorpus
573 1952 693 2016 hoc
723 1961 817 2016 est
849 1953 914 2015 in
947 1953 1110 2016 coelo
1137 1953 1490 2016 secundum
1521 1953 1811 2036 proprias

327 2050 766 2125 dimensiones,
816 2051 884 2114 in
942 2051 1250 2114 altaribus
1309 2060 1523 2114 autem
1579 2069 1810 2114 secun·

327 2148 470 2211 dum
505 2149 938 2212 dimensiones
976 2169 1217 2233 panum
1257 2166 1712 2213 conversorum
1744 2151 1809 2212 in

329 2247 550 2329 ipsum,
601 2255 666 2310 et
725 2249 814 2310 ita
863 2247 1046 2331 quasi
1105 2267 1221 2330 per
1267 2247 1583 2312 accidenS.
1633 2248 1810 2323 Quod

329 2346 605 2426 quamvis
658 2347 742 2409 sit
790 2366 1038 2422 verum,
1087 2355 1303 2410 tamen
1359 2345 1808 2410 difficultatem

329 2460 442 2506 non
473 2452 773 2507 removet.
807 2444 964 2508 Nam
997 2445 1238 2508 diceret
1267 2445 1522 2528 aliquis,
1546 2465 1664 2509 nec
1694 2465 1810 2529 per

328 2561 386 2604 se
423 2561 626 2626 neque
665 2563 782 2627 per
810 2543 1106 2607 accidens
1145 2543 1314 2607 idem
1355 2562 1586 2627 corpus
1623 2562 1808 2627 posse

329 2641 508 2704 simul
555 2643 620 2705 in
668 2643 942 2706 diversis
989 2643 1293 2706 exsistere
1341 2643 1518 2706 locis,
1551 2643 1811 2727 Oportet

329 2757 467 2821 ergo
499 2740 822 2823 assignare
863 2741 1124 2804 modum
1163 2747 1228 2803 et
1268 2741 1580 2804 rationem
1624 2741 1808 2803 istius

320 2856 432 2914 per
457 2841 777 2910 aet-idem,
807 2857 924 2902 cur
964 2857 1196 2921 corpus
1237 2839 1470 2902 Christi
1508 2839 1629 2902 sub
1669 2857 1810 2922 spe-

329 2935 530 2998 ciebus
559 2937 690 3000 illis
720 2953 850 3000 non
877 2935 1450 3019 definitur.1taque
1479 2936 1810 3000 adverten-

1920 1953 1999 2015 de
2038 1952 2232 2014 etiam
2273 1960 2538 2029 constat,
2572 1971 2802 2036 corpus
2842 1953 3075 2016 Christi
3114 1960 3187 2015 ut
3223 1959 3321 2015 est
3351 1953 3417 2015 in

1921 2051 2103 2124 coelo,
2138 2067 2266 2114 non
2296 2069 2481 2133 posse
2508 2050 2663 2114 alibi
2702 2069 2863 2126 esse,
2897 2051 3021 2114 nisi
3063 2051 3210 2114 inde
3248 2069 3418 2114 rece-

1920 2149 2116 2212 deret.
2151 2149 2444 2212 Attamen
2474 2157 2664 2232 prout
2692 2159 2788 2214 est
2818 2150 2883 2213 in
2916 2168 3043 2213 uno
3070 2149 3275 2225 altari,
3309 2167 3417 2233 po-

1922 2254 2043 2310 test
2071 2255 2135 2310 et
2166 2248 2231 2310 in
2260 2249 2388 2312 alio
2416 2267 2577 2324 esse,
2600 2268 2801 2332 quum
2832 2267 2960 2313 non
2990 2250 3074 2312 sit
3108 2249 3198 2311 ibi
3227 2257 3418 2332 prout

1921 2345 1980 2407 ei
2025 2347 2333 2429 competit
2377 2346 2591 2410 finitas
2633 2347 2817 2422 situS,
2850 2347 2961 2410 sed
3010 2347 3227 2410 finitas
3274 2365 3417 2429 spe-

1922 2445 2064 2506 ciei.
2097 2445 2359 2527 Propter
2388 2447 2556 2527 quod
2588 2446 2642 2508 si
2680 2453 2885 2509 totum
2922 2446 3294 2510 universum
3324 2464 3418 2510 es-

1920 2552 2017 2606 set
2059 2545 2265 2626 panis,
2299 2544 2755 2608 inconveniens
2800 2562 2925 2608 non
2976 2551 3143 2607 esset
3186 2560 3417 2627 corpus

1920 2642 2152 2705 Christi
2200 2661 2341 2707 esse
2388 2643 2646 2725 ubique.
2684 2644 3136 2706 Verumtamen
3186 2660 3419 2726 corpus

1919 2739 2151 2804 Christi
2184 2741 2537 2804 secundum
2568 2741 2739 2824 quod
2768 2751 2864 2806 est
2895 2742 2959 2805 in
2988 2742 3189 2817 altari,
3201 2741 3419 2824 aliquo

1921 2838 2108 2902 modo
2155 2839 2619 2903 determinatur
2663 2841 2742 2902 ad
2793 2841 3004 2904 locum
3044 2857 3059 2903 ε
3095 2841 3251 2904 alias
3298 2858 3418 2904 nec

1921 2955 2036 3018 per
2064 2955 2377 3020 se,neque
2408 2957 2523 3020 per
2550 2939 2847 3002 accidens
2878 2946 3264 3023 competeret
3294 2937 3419 3001 sibi

329 3032 670 3117 dum‚quod
698 3034 944 3117 aliquid
973 3033 1246 3108 definiri,
1262 3043 1358 3098 est
1387 3035 1600 3117 ipsum
1631 3033 1810 3097 finiri
1839 3039 1884 3102 C
1924 3035 2187 3098 moveri.
2222 3036 2345 3098 Sed
2395 3037 2545 3118 quia
2592 3037 3023 3100 dimensiones
3073 3037 3256 3120 panis
3304 3055 3421 3119 per

329 3150 428 3194 seu
474 3134 803 3197 terminari
851 3151 867 3197 ε
913 3141 1174 3216 propter
1217 3134 1389 3216 quod
1427 3135 1808 3215 (secundum

329 3228 798 3314 Philosophum)
838 3230 1134 3295 definitio
1176 3232 1488 3295 terminus
1534 3233 1812 3315 appella·

331 3335 440 3389 tur.
473 3330 670 3393 Aliter
711 3336 927 3393 autem
977 3330 1284 3412 competit
1329 3328 1542 3393 finitio
1590 3330 1704 3405 rei,
1743 3337 1813 3393 ut

330 3435 416 3489 est
443 3428 814 3503 substantia,
847 3437 911 3492 et
942 3436 1012 3491 ut
1047 3435 1146 3491 est
1183 3436 1438 3511 quanta.
1470 3428 1711 3512 Nempe
1741 3436 1814 3491 ut

330 3525 666 3590 substantia
695 3525 924 3589 finitur
952 3526 1255 3609 quaelibet
1284 3546 1386 3590 res
1417 3535 1646 3602 creata,
1663 3527 1812 3609 quia

330 3622 772 3687 determinatur
796 3624 877 3687 ad
907 3631 1147 3687 certum
1177 3642 1378 3705 genus
1407 3644 1481 3687 ac
1513 3624 1809 3708 speciem,

332 3729 687 3805 certumque
747 3722 1012 3784 modum
1069 3721 1644 3801 individuationis3
1701 3721 1810 3785 sed

330 3828 504 3900 prout
536 3838 638 3883 res
677 3827 776 3883 est
803 3828 1054 3902 quanta,
1085 3820 1550 3883 determinatur
1584 3838 1700 3902 per
1729 3819 1814 3883 lo—

330 3934 484 3981 cum.
529 3918 896 3983 Secundum
943 3936 1094 3999 ergo
1141 3918 1314 4000 quod
1361 3918 1453 3981 rei
1507 3917 1814 4001 competit

331 4016 442 4078 alia
469 4026 531 4081 et
554 4018 680 4081 alia
719 4016 1064 4100 quantitas,
1097 4017 1452 4079 seeundum
1489 4016 1611 4079 hoc
1641 4034 1813 4080 com-

331 4116 478 4197 petit
524 4116 582 4179 ei
641 4116 1070 4180 diversimode
1127 4116 1266 4179 loeo
1323 4114 1601 4178 definiri.
1654 4114 1811 4178 Nam

1922 3154 2079 3217 quas
2109 3135 2201 3197 ibi
2240 3143 2357 3210 est,
2391 3143 2541 3198 sunt
2578 3135 2781 3201 finitae
2820 3144 2885 3199 et
2926 3138 2990 3199 in
3032 3136 3191 3212 loco,
3226 3138 3419 3199 etiam

1921 3252 2153 3317 corpus
2194 3234 2427 3297 Christi
2470 3234 2933 3297 determinatur
2969 3236 3046 3297 ad
3094 3234 3306 3298 locum
3346 3234 3420 3297 il-

1922 3331 2080 3406 lum,
2112 3338 2179 3394 et
2215 3340 2312 3394 est
2350 3332 2416 3393 in
2461 3331 2601 3395 loco
2645 3350 2761 3415 per
2798 3331 3118 3407 accidens,
3159 3349 3287 3395 non
3330 3340 3421 3394 ta-

1922 3448 2068 3493 men
2115 3429 2472 3504 definitive,
2504 3434 2721 3513 'quum
2763 3430 3133 3510 hujusmodi
3180 3430 3423 3493 dimen-

1923 3528 2132 3591 siones
2163 3528 2291 3590 sint
2323 3528 2388 3590 in
2416 3529 2611 3591 variis
2652 3528 2832 3603 lociS,
2866 3527 3185 3612 loquendo
3217 3529 3297 3592 de
3325 3529 3421 3592 eis

1923 3627 2277 3689 secundum
2326 3625 2723 3689 identitatem
2773 3626 2839 3689 in
2888 3628 3121 3710 specie.
3153 3663 3236 3673 —
3276 3627 3420 3691 Haec

1921 3723 2226 3805 AEgidiuS.

2002 3823 2119 3897 Qui
2155 3821 2235 3884 de
2275 3821 2373 3883 his
2415 3838 2591 3884 more
2630 3837 2747 3884 suo
2786 3820 3011 3885 scribit
3050 3822 3313 3904 prolixe.
3348 3824 3419 3885 In

1923 3921 2108 4002 cujus
2138 3919 2353 3983 verbis
2381 3920 2635 3983 videtur
2663 3919 3009 3983 obscurum
3038 3920 3207 4003 quod
3238 3921 3415 3997 dicit,

1921 4036 2154 4102 corpus
2194 4017 2425 4081 Christi
2466 4036 2605 4080 esse
2646 4018 2711 4081 in
2750 4018 2932 4080 altari
2973 4025 3039 4081 et
3077 4017 3285 4081 hostia
3324 4037 3420 4081 ra-

1922 4117 2094 4180 tione
2133 4136 2263 4180 suae
2300 4114 2692 4191 substantiae,
2726 4115 3080 4199 praesertim
3118 4135 3318 4199 quum
3359 4123 3423 4179 et

334 4232 463 4296 quae
497 4215 732 4279 habent
769 4216 1187 4297 quantitatem
1225 4214 1673 4291 dimensivam,
1707 4216 1812 4278 de·
1843 4220 1893 4283 D
1925 4216 2062 4299 ipse
2122 4216 2492 4297 frequenter
2546 4222 2835 4291 testetur,
2894 4213 3265 4280 substantiae
3326 4214 3420 4278 rei

333 4310 632 4376 finiuntur
669 4313 809 4377 loco
852 4330 969 4395 per
1006 4314 1715 4390 commensurationem,
1750 4321 1814 4377 et

334 4410 414 4473 ita
453 4431 515 4474 se
555 4417 1078 4475 commensurant
1119 4412 1231 4473 uni
1271 4411 1432 4488 loco,
1464 4415 1634 4496 quod
1684 4431 1810 4478 non

332 4509 516 4573 alteri.
547 4512 694 4586 Quae
742 4528 896 4573 vero
941 4509 1181 4573 habent
1227 4511 1641 4592 quantitatem
1685 4513 1813 4575 vir-

333 4608 572 4684 tualem,
605 4608 716 4672 del*
718 4608 1008 4671 iniuntur
1039 4608 1180 4672 loco
1209 4627 1324 4691 per
1351 4610 1806 4690 operationem.

333 4704 392 4767 Si
419 4724 560 4789 ergo
586 4707 830 4790 aliquid
857 4715 1028 4771 esset
1055 4706 1293 4771 alicubi
1323 4708 1530 4771 solum
1568 4709 1812 4773 ratione

333 4804 682 4870 substantiae
711 4826 864 4880 suae,
896 4814 960 4868 et
988 4806 1308 4888 quantitas
1345 4807 1488 4887 ejus
1525 4815 1694 4871 esset
1722 4809 1812 4871 ibi

333 4912 560 4967 tantum
603 4912 864 4988 propter
901 4905 1192 4968 ordinem
1233 4906 1588 4969 naturalem
1619 4926 1812 4989 quem

333 5002 404 5062 ad
445 5002 856 5065 substantiam
902 5003 1116 5079 habet,
1150 5004 1244 5067 illi
1289 5004 1380 5066 rei
1427 5013 1817 5088 competeret

331 5098 534 5163 finitas
581 5118 856 5184 sequens
905 5109 1197 5165 naturam
1251 5102 1644 5178 substantiae,
1687 5122 1815 5167 non

335 5196 437 5259 illa
481 5218 614 5281 quae
661 5200 952 5283 sequitur
991 5209 1283 5264 naturam
1331 5202 1576 5284 quanti,
1629 5210 1821 5285 prout

335 5312 430 5359 res
475 5315 584 5379 per
623 5300 1044 5382 quantitatem
1089 5300 1170 5363 ad
1215 5300 1340 5364 alia
1388 5309 1810 5384 comparatur.

567 5432 634 5486 Τ.
666 5433 753 5485 24.

1923 4331 2051 4377 non
2090 4320 2453 4395 competere
2491 4314 2844 4378 secundum
2891 4332 2959 4377 se
3000 4332 3140 4377 esse
3182 4313 3421 4377 alicubi

1924 4431 2038 4475 seu
2083 4412 2150 4474 in
2190 4412 2347 4475 loco.
2382 4412 2529 4475 Ideo
2570 4412 2737 4476 sicut
2781 4412 3043 4495 patebit,
3076 4412 3286 4477 verior
3326 4422 3423 4476 est

1926 4511 2158 4597 positio
2198 4511 2256 4574 S.
2291 4510 2567 4585 Thomae,
2601 4512 2770 4592 quod
2814 4528 3045 4594 corpus
3077 4511 3309 4575 Christi
3338 4512 3422 4575 sit

1925 4614 1992 4675 in
2035 4610 2218 4675 altari
2257 4616 2322 4672 et
2362 4609 2427 4671 in
2472 4609 2591 4671 ista
2627 4608 2731 4671 vel
2779 4608 2887 4671 illa
2927 4609 3136 4673 hostia
3178 4609 3420 4673 ratione

1925 4708 2361 4775 conversionis
2402 4708 2605 4791 paniS,
2640 4726 2752 4771 seu
2785 4708 3028 4771 ratione
3068 4726 3423 4771 sacramen·

1922 4810 2149 4873 talium
2182 4808 2540 4891 specierum
2579 4806 2699 4869 sub
2730 4806 2965 4889 quibus
2995 4816 3280 4871 remanet
3308 4807 3416 4871 ibi.

1926 4909 2080 4983 lmo,
2113 4928 2317 4991 quum
2352 4907 2705 4970 substantia
2752 4906 3037 4988 corporis
3077 4906 3307 4969 Christi
3340 4908 3425 4970 sit

1927 5026 2054 5070 una
2082 5014 2147 5069 et
2176 5008 2398 5070 eadem
2439 5021 2707 5067 numero
2739 5022 2814 5067 ac
2855 5003 3062 5080 finita,
3096 5022 3224 5067 non
3254 5005 3425 5069 vide-

1927 5113 2032 5167 tur
2059 5105 2303 5168 ratione
2334 5122 2463 5167 suae
2496 5100 2865 5166 substantiae
2903 5101 3027 5165 sibi
3059 5112 3422 5186 competere

1928 5206 1996 5268 in
2044 5204 2339 5287 pluribus
2394 5202 2619 5266 hostiis
2676 5220 2833 5264 esse.
2886 5202 3015 5265 Nec
3072 5201 3426 5265 substantia

1928 5302 2206 5385 eorporis
2234 5300 2540 5365 dominici
2570 5300 2844 5384 aliquam
2870 5300 3064 5364 habet
3090 5301 3423 5378 rationem,

3116 5439 3174 5491 17
