4267 6250
832 520 920 567 m
959 520 1130 569 nouo
1167 518 1370 576 omm·
1409 520 1818 568 ausuum
1857 520 1977 570 rao
2017 521 2139 570 uno
2178 521 2445 570 rucene
2486 524 2625 571 smr.
2650 524 2829 584 nno,
2866 524 2995 571 mc.
3345 504 3469 569 389

355 688 527 753 sicut
555 688 728 754 linea
755 690 922 755 nihil
951 700 1048 756 est
1073 694 1151 756 ad
1179 692 1864 777 superficiem‚aliquid
1891 692 1942 756 Α
1973 696 2420 771 commisisset,
2454 704 2519 759 et
2546 698 2624 761 de
2654 698 2841 761 bonis
2867 717 3010 780 quae
3039 695 3383 770 omisisset,
3412 694 3467 759 si

355 795 574 850 tamen
619 797 720 853 est
761 790 830 853 in
869 809 972 871 se3
1005 792 1092 854 ita
1137 798 1236 854 est
1280 793 1360 855 de
1408 800 1740 875 peccatore
1785 793 1864 855 ad
1971 794 2080 857 illa
2107 812 2303 878 opera
2331 796 2497 858 bona
2524 814 2652 859 non
2692 795 2968 859 fecisset.
3005 796 3081 858 Et
3119 796 3206 858 ita
3236 794 3466 857 intelli-

351 887 628 967 justum,
657 896 722 952 et
749 890 832 953 de
861 890 1002 971 ejus
1031 909 1248 955 amore
1281 892 1554 955 naturali
1586 892 1664 955 ad
1695 890 1862 954 infu-
1969 894 2249 974 gendum
2289 902 2387 957 est
2422 895 2502 957 de
2538 893 2651 957 illo
2688 895 2798 977 qui
2838 895 3109 959 moritur
3137 893 3377 967 statim,-
3402 900 3469 955 et

355 1004 502 1048 sum
563 987 848 1051 caritatis
906 1006 1213 1064 amorem,
1261 999 1452 1073 atque
1499 990 1578 1053 de
1636 990 1864 1053 merito
1971 990 2050 1053 de
2087 1008 2165 1053 eo
2206 991 2319 1073 qui
2362 992 2564 1073 magis
2606 992 2747 1055 vult
2794 994 2956 1055 mori
2999 1011 3193 1075 quam
3236 1009 3466 1073 negare

356 1084 624 1165 congrui
665 1086 746 1148 ad
789 1087 1094 1149 meritum
1142 1088 1462 1169 condigni.
1970 1086 2315 1163 Christum,
2348 1096 2413 1151 et
2440 1090 2519 1152 de
2548 1090 3013 1153 consimilibus.
3045 1125 3126 1135 —
3153 1090 3462 1171 Denique,

437 1183 764 1247 Postremo
808 1184 864 1248 si
907 1186 1346 1267 investigetur,
1387 1205 1467 1249 an
1512 1204 1705 1269 opera
1745 1188 1862 1249 hu·
1969 1186 2140 1248 circa
2168 1187 2485 1261 illud,Non
2511 1198 2836 1271 consurget
2862 1190 3097 1272 duplex
3125 1188 3465 1263 tribulatio,
3520 1205 3757 1260 Nahum,

351 1280 640 1360 jusmodi
683 1282 940 1345 valeant
978 1284 1057 1346 ad
1096 1284 1610 1348 tolerabilitatem
1649 1302 1863 1367 poena-
1970 1284 2348 1347 intuendum
2388 1286 2559 1369 quod
2600 1286 2926 1350 tribulatio
2964 1285 3467 1369 quadrupliciter
3493 1271 3534 1312 ⁹·

357 1396 546 1458 rum3
595 1379 968 1455 dicendum,
1017 1382 1188 1463 quod
1243 1382 1613 1464 hujusmodi
1668 1400 1862 1466 opera
1970 1389 2179 1464 potest
2206 1381 2476 1465 intelligi
2507 1383 2860 1467 duplicari:
2890 1384 3119 1467 primo,
3152 1390 3464 1467 quantum

357 1476 722 1551 bona,dum
754 1485 927 1541 recta
955 1478 1124 1542 fiunt
1153 1479 1527 1556 intentione,
1542 1480 1756 1544 valent
1781 1481 1860 1543 ad
1969 1480 2048 1543 ad
2077 1480 2441 1562 subjeetum
2472 1483 2771 1564 punitum
2787 1500 2805 1562 3
2826 1484 3124 1557 secundo,
3152 1490 3465 1565 quantum

357 1576 581 1639 multa.
615 1576 850 1651 Primo,
883 1578 962 1640 ad
991 1579 1440 1660 temporalium
1480 1579 1863 1662 multiplica·
1968 1578 2048 1641 ad
2108 1580 2369 1643 modum
2430 1580 2787 1663 puniendi3
2842 1581 3051 1656 tertio,
3108 1580 3462 1643 secundum

354 1674 622 1736 tionem.
671 1674 864 1737 Isaias
911 1675 1086 1737 cuim
1133 1677 1272 1738 ait:
1305 1677 1368 1739 Si
1419 1676 1752 1739 volueritis
1798 1685 1864 1740 et
1971 1678 2449 1759 proportionem
2489 1678 2567 1740 ad
2614 1679 2951 1757 meritum3
2979 1686 3225 1760 quarto,
3270 1696 3466 1761 penes

355 1771 692 1836 audieritis
739 1790 868 1846 me,
909 1771 1075 1836 bona
1121 1782 1305 1838 terrae
1355 1775 1724 1838 comedetis.
1757 1775 1862 1839 Se-
1971 1783 2251 1838 statuum
2282 1775 2737 1839 diversitatem.
2770 1776 2850 1838 Et
2886 1776 3093 1838 tribus
3126 1776 3331 1838 modis
3362 1775 3468 1838 tri-

355 1870 592 1944 cundo,
636 1871 718 1933 ad
765 1870 1280 1935 tolerabilitatem
1332 1891 1537 1955 poenae
1585 1881 1856 1949 aeternae,
1895 1873 1943 1937 B
1972 1874 2216 1936 bulatio
2262 1874 2626 1957 duplicatur
2678 1893 2693 1937 :
2744 1875 2975 1957 primo,
3026 1882 3335 1957 quantum
3386 1875 3467 1936 ad

353 1968 903 2051 quemadmodum
937 1968 1218 2051 loquitur
1244 1971 1658 2051 AugustinuS,
1689 1972 1858 2053 quod
1971 1971 2356 2053 subjectum,
2390 1972 2543 2054 quia
2572 1973 2637 2034 in
2666 1972 2882 2036 anima
2910 1980 2975 2036 et
3006 1990 3269 2055 corpore
3300 1971 3467 2035 affli-

133 1689 184 1731 12.
200 1703 225 1739 ι,
243 1692 301 1733 19.

353 2068 574 2131 valent
621 2075 696 2130 ut
735 2067 1132 2131 tolerabilior
1157 2069 1252 2149 (id
1293 2077 1393 2131 est
1435 2069 1648 2132 minus
1689 2069 1859 2133 affli-

354 2166 554 2247 ctiva)
597 2165 864 2228 exsistat
909 2165 1248 2229 damnatio.
1283 2167 1458 2241 Quod
1506 2187 1544 2229 a
1591 2167 1861 2231 diversis

353 2264 790 2327 diversimode
844 2263 1240 2344 intelligitur.
1291 2265 1557 2339 Quidam
1611 2265 1855 2341 dicunt,

355 2363 530 2444 quod
568 2380 826 2444 poenam
876 2361 1122 2424 faciunt
1166 2362 1686 2437 tolerabiliorem,
1731 2382 1860 2427 non

359 2459 566 2541 ipsam
615 2476 876 2540 poenam
925 2459 1252 2533 mutando,
1293 2460 1404 2522 sed
1453 2458 1860 2523 fortificando

357 2556 748 2637 subjectum.
785 2556 908 2619 Sed
952 2556 1073 2619 hoc
1117 2574 1245 2620 non
1289 2558 1579 2639 congruit
1623 2558 1857 2634 dicere,

357 2656 530 2737 quod
561 2656 769 2719 virtus
795 2654 1013 2737 aliqua
1052 2656 1238 2718 detur
1265 2655 1562 2719 damnato
1600 2666 1861 2740 propter

355 2771 554 2837 opera
584 2753 694 2816 illa
723 2753 894 2817 bona
931 2772 1010 2816 ex
1047 2772 1302 2836 genere,
1335 2774 1476 2837 quae
1514 2754 1705 2818 faciat
1740 2756 1862 2818 mi-

357 2852 488 2914 tius
537 2852 858 2915 sustinere
905 2868 920 2914 :
967 2852 1271 2935 quoniam
1319 2860 1430 2915 aut
1479 2854 1734 2916 daretur
1780 2854 1861 2917 ad

358 2968 636 3033 semper,
685 2949 790 3012 vel
836 2949 916 3012 ad
963 2958 1258 3033 tempus3
1292 2968 1566 3033 quorum
1615 2959 1862 3015 utrum-

1968 2078 2245 2151 guntur3
2278 2070 2579 2145 secundo,
2624 2071 2830 2153 quoad
2880 2071 3140 2134 modum
3191 2070 3467 2153 punitio-

1970 2168 2094 2243 nis,
2156 2168 2457 2250 quoniam
2523 2169 2760 2232 habent
2815 2187 3072 2252 poenam
3130 2169 3348 2233 damni
3406 2176 3471 2232 et

1971 2284 2228 2349 poenam
2288 2285 2535 2341 sensuS,
2587 2275 2653 2329 et
2700 2286 2813 2350 per
2860 2267 3072 2349 ignem
3118 2286 3194 2331 ac
3240 2267 3466 2349 frigus,

1968 2365 2510 2447 quemadmodum
2553 2372 2981 2447 peccaverunt
3020 2384 3139 2448 per
3171 2366 3469 2429 timorem

1969 2470 2035 2525 et
2079 2480 2403 2541 amorem3
2453 2463 2662 2537 tertio,
2712 2470 3021 2546 quantum
3072 2464 3153 2527 ad
3208 2471 3466 2535 statum,

1971 2560 2123 2644 quia
2153 2561 2599 2643 quorumdam,
2632 2567 2705 2622 ut
2736 2560 3303 2643 impoenitentium,
3338 2580 3468 2643 poe-

1971 2677 2054 2720 na
2098 2658 2204 2720 hic
2255 2658 2503 2741 incipit,
2548 2665 2614 2722 et
2659 2659 2726 2721 in
2773 2658 2991 2722 futuro
3038 2660 3464 2722 continuatur.

1971 2750 2092 2819 Sed
2142 2764 2452 2838 quantum
2500 2757 2581 2819 ad
2630 2757 3107 2840 proportionem
3153 2757 3233 2819 ad
3281 2758 3470 2821 meri-

1971 2862 2130 2929 tum,
2156 2872 2285 2917 non
2314 2861 2654 2936 consurget
2680 2855 3009 2918 tribulatio
3037 2856 3297 2939 duplex,
3316 2872 3471 2939 quo-

1971 2954 2144 3016 niam
2176 2954 2343 3016 Deus
2374 2972 2628 3037 semper
2658 2954 2845 3037 punit
2873 2954 3031 3017 citra
3058 2955 3466 3036 condignum.

357 3068 486 3132 que
527 3048 988 3112 inconveniens
1019 3057 1134 3111 est.
1169 3048 1326 3112 Nam
1364 3051 1567 3113 virtus
1606 3051 1717 3113 illa
1753 3059 1864 3114 aut
1891 3048 1936 3114 C
1970 3087 2051 3097 —
2080 3052 2225 3115 Haec
2266 3052 2725 3115 Bonaventura.

358 3157 459 3211 est
504 3147 836 3222 naturalis,
881 3155 994 3210 aut
1035 3149 1308 3230 gratuita
1341 3165 1355 3210 ε
1389 3167 1660 3231 quorum
1713 3169 1864 3212 neu-

357 3254 534 3309 trum
579 3245 772 3310 facile
820 3252 916 3309 est
961 3246 1301 3328 assignare.
1335 3247 1567 3310 —Alii
1615 3248 1860 3322 dicunt,

357 3345 532 3427 quod
580 3343 799 3408 valent
845 3343 923 3406 ad
980 3343 1423 3407 remissionem
1474 3362 1678 3427 poenae
1723 3364 1862 3409 ver-

359 3443 508 3517 mis,
541 3441 695 3525 quia
743 3459 870 3504 non
919 3449 1168 3504 tantum
1221 3441 1626 3506 conscientiae
1672 3444 1862 3506 susti-

359 3541 608 3604 nebunt
655 3557 1036 3614 remorsum,
1087 3547 1398 3622 quantum
1448 3540 1758 3604 haberent
1807 3542 1862 3604 si

357 3640 535 3702 nulla
574 3655 775 3721 opera
810 3637 978 3699 bona
1019 3637 1338 3700 fecissent.
1374 3638 1496 3700 Sed
1535 3638 1694 3700 illud
1734 3657 1861 3702 non

358 3739 549 3812 valet,
582 3737 738 3819 quia
785 3753 1104 3798 remorsus
1148 3736 1555 3800 conscientiae
1597 3736 1719 3798 erit
1767 3756 1862 3800 se-

360 3838 645 3900 cundum
677 3835 1098 3918 quantitatem
1131 3834 1358 3917 culpae,
1383 3834 1549 3897 sicut
1578 3841 1643 3897 et
1674 3835 1857 3916 ignis.

359 3933 523 4014 Ergo
562 3933 618 3995 si
663 3949 794 3995 non
839 3930 1008 3994 valet
1047 3930 1126 3993 ad
1171 3930 1406 4011 ignem,
1439 3949 1558 3993 nec
1601 3931 1680 3993 ad
1725 3950 1861 3994 ver-

359 4050 552 4093 mem.
576 4065 654 4076 —-—
685 4029 930 4091 Idcirco
957 4028 1325 4102 dicendum,
1343 4029 1513 4110 quod
1543 4029 1757 4091 valent
1784 4029 1862 4091 ad

357 4127 858 4192 tolerabiliorem
887 4126 1348 4189 damnationem
1377 4144 1454 4188 ex
1485 4143 1866 4210 consequen-

2052 3151 2466 3214 Praeinductis
2511 3151 2853 3214 concordat
2888 3151 3186 3216 Albertus
3218 3169 3233 3214 ε
3269 3152 3473 3234 Opera

1970 3248 2329 3331 (inquiens)
2359 3249 2749 3332 poenitentiae
2789 3250 2854 3311 in
2896 3250 3131 3332 quibus
3165 3250 3474 3332 quaeritur

1972 3347 2085 3411 Dei
2135 3346 2427 3430 placatio,
2476 3355 2724 3430 oportet
2772 3346 2917 3410 fieri
2964 3348 3319 3410 secundum
3369 3365 3473 3411 vo-

1971 3447 2284 3509 luntatem
2326 3445 2961 3528 acceptationemque
3006 3446 3137 3509 Dei.
3171 3446 3472 3530 Accepta-

1970 3544 2062 3606 tio
2098 3551 2312 3606 autem
2353 3543 2465 3606 Dei
2505 3561 2633 3606 non
2673 3552 2770 3606 est
2806 3544 2872 3606 in
2916 3543 3101 3607 nobis
3142 3563 3221 3608 ex
3260 3544 3469 3620 nobiS,

1972 3659 2091 3704 nec
2123 3641 2187 3702 in
2219 3659 2412 3722 opere
2450 3647 2667 3704 nostro
2705 3660 2783 3703 ex
2823 3641 2963 3724 ipso
3000 3659 3193 3724 opere
3230 3649 3469 3718 nostro,

1972 3740 2083 3802 sed
2113 3756 2192 3801 ex
2225 3756 2299 3801 eo
2328 3738 2499 3820 quod
2529 3758 2566 3801 a
2594 3739 2724 3802 Deo
2750 3740 3140 3821 accepimus,
3176 3741 3345 3822 quod
3376 3748 3473 3802 est

1969 3837 2171 3919 gratia
2206 3844 2458 3918 gratum
2499 3836 2759 3899 facienS.
2793 3836 2953 3898 Hinc
2992 3844 3241 3918 oportet
3278 3855 3473 3920 opera

1971 3935 2124 3998 talia
2153 3954 2231 3998 ex
2269 3933 2472 4016 gratia
2509 3942 2755 4016 gratum
2788 3933 3063 3998 faciente
3103 3935 3466 4017 procedere.

1971 4067 2051 4078 -—
2080 4032 2171 4094 De
2212 4031 2312 4093 his
2355 4030 2555 4092 multa
2594 4030 2943 4093 conscribit
2977 4029 3297 4104 AlbertuS,
3330 4049 3475 4113 quae

1973 4148 2050 4192 ex
2089 4129 2279 4191 dictis
2318 4128 2574 4191 Thomae
2614 4147 2786 4190 nunc
2830 4127 3308 4192 introducendis
3352 4128 3475 4192 cla·

357 4227 430 4302 ti,
461 4227 615 4310 quia
665 4224 1032 4307 impediunt
1071 4224 1326 4307 culpam
1371 4224 1604 4287 factam
1651 4243 1862 4307 aggra-
1890 4232 1941 4295 D
1973 4227 2106 4289 rius
2152 4227 2569 4289 innotescent.

359 4327 512 4400 vari,
529 4333 594 4388 et
622 4324 958 4388 retrahunt
985 4322 1311 4386 hominem
1341 4343 1378 4385 a
1406 4323 1711 4405 peccandi
1741 4324 1864 4386 fre-

361 4425 645 4507 quentia,
687 4430 880 4506 atque
927 4421 1008 4484 ab
1057 4421 1416 4485 intensione
1465 4421 1752 4484 libidinis
1801 4430 1864 4485 et

361 4528 788 4603 contemptus.
822 4518 961 4582 Non
1000 4519 1176 4581 enim
1209 4537 1289 4581 ex
1324 4524 1499 4580 tanta
1537 4525 1760 4601 peccat
1791 4519 1864 4580 li-

360 4620 581 4683 bidine
611 4618 724 4701 qui
755 4618 1077 4680 interdum
1108 4615 1262 4680 facit
1289 4617 1503 4699 aliqua
1531 4635 1722 4700 opera
1753 4616 1860 4680 bo-

361 4738 464 4794 na,
498 4726 568 4780 ut
599 4716 710 4800 qui
741 4715 1146 4780 obliviscitur
1181 4715 1314 4778 Dei.
1349 4715 1572 4778 Adhuc
1609 4733 1864 4798 quoque

365 4837 478 4901 per
525 4833 928 4898 consequens
974 4814 1188 4877 valent
1243 4814 1322 4876 ad
1369 4814 1864 4878 tolerabiliorem

363 4915 861 4987 damnationem,
909 4919 974 4975 et
1019 4913 1098 4975 ad
1148 4913 1361 4994 ignem
1409 4930 1483 4990 ac
1525 4932 1812 4976 vermem
1847 4931 1862 4976 t

365 5013 668 5096 quoniam
698 5011 844 5073 talis
876 5010 1090 5073 minus
1117 5009 1542 5093 torquebitur,
1576 5017 1640 5073 et
1669 5011 1868 5074 mino-

366 5130 502 5175 rem
532 5109 798 5173 habebit
826 5126 1206 5184 remorsum,
1229 5127 1420 5191 quam
1453 5109 1506 5170 si
1537 5126 1730 5191 opera
1761 5109 1870 5171 illa

367 5227 496 5272 non
525 5208 807 5270 fecisset.
840 5207 1048 5269 Minus
1087 5222 1238 5288 ergo
1276 5206 1598 5289 punietur,
1633 5223 1761 5268 non
1791 5207 1870 5268 de

372 5307 564 5390 culpa
607 5324 804 5388 quam
849 5304 1194 5380 commisit,
1225 5305 1335 5368 sed
1379 5304 1458 5367 de
1502 5303 1685 5368 malis
1728 5322 1871 5386 quae

2051 4326 2269 4407 Itaque
2318 4332 2577 4387 sanctus
2615 4324 2845 4387 Doctor
2881 4323 3050 4387 circa
3091 4325 3475 4406 quaestiones

1973 4429 2302 4505 praetactas
2332 4421 2680 4485 conscribit
2714 4439 2728 4484 :
2761 4421 2965 4495 Quum
3000 4442 3115 4505 per
3144 4422 3477 4485 satisfacti-

1973 4537 2162 4583 onem
2194 4519 2329 4583 tolli
2361 4519 2590 4583 debeat
2618 4520 2983 4603 praecedens
3012 4520 3281 4596 offensa,
3296 4538 3477 4603 opor-

1973 4625 2066 4680 tet
2116 4619 2286 4700 quod
2348 4618 2573 4681 modus
2632 4617 3082 4682 satisfactionis
3140 4620 3476 4683 conveniat

1975 4715 2275 4778 deletioni
2308 4715 2573 4779 offensae
2613 4715 3051 4798 praecedentis,
3086 4716 3273 4798 cujus
3310 4718 3477 4782 dele-

1974 4815 2065 4877 tio
2093 4821 2191 4877 est
2218 4813 2517 4876 amicitiae
2557 4812 2889 4876 restitutio.
2924 4813 3086 4875 Hinc
3118 4815 3289 4896 quod
3316 4816 3473 4877 ami-

1975 4911 2143 4974 citiae
2198 4910 2665 4973 restitutionem
2716 4909 3007 4992 impedit,
3058 4911 3477 4975 satisfactioni

1976 5016 2305 5092 repugnat.
2343 5009 2419 5070 Et
2448 5007 2573 5070 tale
2602 5015 2700 5070 est
2725 5025 2916 5072 omne
2959 5009 3224 5072 mortale
3256 5027 3476 5091 pecca-

1978 5115 2134 5168 tum.
2170 5107 2316 5169 Ideo
2356 5106 2757 5189 impossibile
2795 5113 2892 5168 est
2933 5107 3262 5170 hominem
3300 5107 3480 5170 satis-

1977 5205 2187 5267 facere
2218 5204 2295 5267 de
2326 5223 2456 5268 uno
2488 5204 2737 5267 mortali
2771 5212 3055 5286 peccate,
3080 5205 3134 5268 si
3168 5213 3383 5268 manet
3411 5205 3478 5269 in

1982 5304 2197 5386 aliquo
2236 5304 2379 5368 alio.
2414 5303 2575 5366 Hinc
2619 5301 2965 5367 satisfactio
3002 5302 3170 5367 facta
3202 5305 3267 5366 in
3311 5320 3479 5367 mor-
