4267 6250
904 498 1021 563 uo
1554 515 1619 561 m
1658 513 1881 560 [mann
1922 512 1985 558 ιν
2026 508 2511 557 sauram-runnu.
2552 524 2635 537 —
2675 508 2828 555 msr.
2871 507 2979 570 1113
3021 507 3247 565 onaesr.
3287 508 3354 557 m

979 686 1248 749 Videtur
1275 685 1444 767 quod
1475 700 1622 746 non.
1658 683 1889 756 Primo,
1923 680 2226 764 quoniam
2258 678 2401 761 jux·
2431 680 2478 743 Α
2509 678 2809 752 Instituit,
2853 686 2922 740 ut
2965 678 3029 741 in
3073 680 3312 741 Joanne
3357 678 3578 751 fertur,
3618 697 3820 761 quum
3867 678 4004 760 ipse

628 805 873 861 causata.
900 792 964 847 ta
1013 783 1381 866 praehabita‚
1424 788 1890 845 sacramentum
1937 788 2032 843 est
2078 776 2402 841 materiale
2510 796 2626 858 per
2659 794 2806 840 suos
2839 777 3187 859 discipulos
3224 776 3543 858 baptizare
3581 793 3844 839 exorsus
3871 784 4001 853 est3
4051 794 4229 837 102⁸„

604 873 713 925 ’Μ’
901 883 1328 961 elementum3
1372 882 1470 944 lex
1517 888 1733 944 autem
1784 879 2150 961 evangelica
2195 876 2402 960 perfe-
2509 873 3043 956 confirmavitque
3093 874 3452 936 institutum
3511 873 3699 948 facto,
3748 874 4008 955 quando
4033 859 4098 899 ²²·

902 980 1189 1043 ctissima
1216 987 1350 1043 est:
1377 996 1527 1059 ergo
1558 977 1837 1059 primum
1872 977 2012 1057 ejus
2043 992 2400 1037 sacramen·
2507 974 2585 1036 de
2633 973 2825 1036 latere
2869 973 3010 1054 ejus
3059 971 3250 1034 fluxit
3295 972 3554 1055 sanguis
3595 980 3660 1034 et
3699 990 3899 1054 aqua3
3941 979 4006 1034 et
4063 990 4171 1033 ma.
4197 1004 4232 1033 ιι

900 1087 1062 1153 tum,
1094 1078 1264 1160 quod
1294 1084 1391 1140 est
1418 1076 1805 1157 BaptismuS,
1838 1074 2029 1138 debet
2054 1092 2196 1137 esse
2225 1073 2403 1137 nobi-
2509 1071 2728 1134 itidem
2777 1070 2997 1144 verbo,
3049 1077 3193 1153 post
3241 1071 3772 1134 resurrectionem
3819 1090 4002 1133 suam
4035 1057 4102 1096 ³⁶·

902 1177 1219 1239 lissimum
1252 1175 1667 1248 elementum,
1694 1174 1899 1236 autin
1932 1171 2400 1254 perfectissimo
2503 1169 2738 1251 jubens
2783 1168 3099 1252 Apostolis
3150 1189 3166 1234 ε
3217 1169 3456 1233 Euntes
3513 1171 3733 1232 docete
3761 1188 4007 1243 ,omnes
4089 1187 4231 1229 uma

900 1276 1240 1348 elemento,
1285 1274 1453 1356 quod
1504 1280 1601 1335 est
1650 1272 1835 1353 ignis,
1877 1270 2144 1333 institui.
2179 1306 2260 1315 —
2295 1269 2400 1331 Se·
2505 1276 2747 1349 genteS‚
2782 1268 3174 1350 baptizantes
3203 1286 3335 1343 θοε,
3366 1276 3488 1330 θῖθ.
3520 1304 3603 1314 -
3629 1269 3775 1332 Haec
3803 1268 4008 1332 Bona·
4035 1253 4231 1299 ¹¹*¹'¹·¹⁹'

902 1373 1133 1445 cundo,
1170 1372 1333 1454 ignis
1378 1380 1475 1433 est
1519 1370 1795 1433 maxime
1837 1369 2248 1452 purgativus;
2284 1367 2400 1429 Ba·
2506 1374 2776 1430 ventura
2818 1367 2884 1429 in
2927 1366 3196 1449 Scripto.

902 1470 1177 1554 ptismus
1214 1476 1429 1531 autem
1465 1469 1543 1531 ad
1578 1468 1982 1551 purgandum
2015 1472 2276 1549 peccata
2304 1473 2400 1529 est
2587 1466 2747 1529 Hinc
2804 1467 3066 1529 demum
3129 1466 3193 1529 in
3251 1466 3654 1549 Breviloquio
3711 1466 3938 1530 scribit
3990 1486 4007 1533 ε

902 1569 1249 1633 institutus.
1288 1604 1369 1613 —
1406 1567 1636 1641 Tertio,
1680 1566 1951 1629 effectus
2001 1572 2065 1629 et
2115 1565 2400 1647 proprie·
2507 1564 2712 1639 Quum
2763 1563 3156 1646 principium
3208 1570 3498 1627 nostrum
3549 1564 4010 1648 reparativum,

900 1675 1058 1731 tates
1101 1685 1175 1730 ac
1216 1666 1665 1749 dispositiones
1707 1664 2140 1747 spiritualium
2184 1681 2399 1726 rerum
2505 1662 2805 1727 videlicet
2826 1662 3102 1725 Verbum
3127 1662 3544 1739 incarnatum,
3559 1671 3855 1746 tanquam
3881 1683 4019 1746 per·

898 1784 971 1828 ac
1022 1766 1385 1828 divinorum
1444 1764 1775 1847 potissime
1824 1762 2238 1844 designantur
2285 1779 2400 1845 per
2508 1761 2932 1825 fectissimum
2975 1761 3730 1844 sufficientissimumque
3776 1763 4018 1845 princi-

618 1888 679 1931 ne
696 1888 869 1935 emim,
902 1866 1135 1946 ignem,
1182 1871 1250 1925 ut
1295 1863 1553 1926 divinus
1603 1860 1939 1945 Dionysius
1988 1868 2394 1943 protestatur.
2433 1858 2481 1923 B
2512 1861 2714 1943 pium,
2760 1878 3051 1943 reparare
3092 1861 3366 1924 voluerit
3401 1880 3604 1943 genus
3653 1861 4012 1924 humanum

602 1952 871 2066 Ἓὶξζζᾚ
901 1963 1075 2027 Unde
1109 1970 1172 2026 et
1201 1961 1538 2043 Apostolus
1570 1960 1959 2024 faturzDeus
1988 1966 2204 2022 noster
2235 1959 2398 2041 ignis
2511 1978 2625 2042 per
2665 1960 3088 2023 medicamina
3121 1968 3684 2037 sacramentorum,
3718 1962 3804 2024 ita
3838 1962 4014 2043 quod

2510 2058 2669 2119 nihil
2720 2059 2802 2120 sit
2851 2058 2914 2119 in
2956 2058 3050 2121 eis
3091 2059 3516 2141 superfluum,
3557 2059 3647 2121 nil
3687 2060 4014 2124 inordina-

602 2079 672 2121 2⁹.
902 2079 1287 2125 consumens
1347 2068 1461 2122 est.
1515 2059 1677 2140 Ergo
1728 2066 2197 2121 sacramentum
2252 2058 2395 2131 hoc,

900 2160 1070 2241 quod
1100 2166 1197 2221 est
1228 2157 1571 2219 multarum
1612 2156 2045 2239 spiritualium
2082 2175 2292 2218 rerum
2323 2156 2402 2217 si·
2509 2164 2668 2231 tum,
2703 2156 2794 2218 nil
2837 2156 3264 2235 diminutum3
3305 2158 3392 2219 ita
3439 2158 3754 2240 disposuit
3801 2160 4016 2241 Bapti-

898 2276 1119 2339 gnum,
1164 2257 1439 2319 maxime
1486 2255 1709 2318 debuit
1754 2255 1818 2317 in
1866 2255 2186 2317 elemento
2233 2254 2395 2337 ignis

898 2355 1167 2418 institui.

976 2551 1157 2615 Circa
1198 2552 1333 2616 haec
1376 2550 1600 2614 scribit
1642 2551 2081 2613 Bonaventura
2122 2568 2136 2614 ε
2181 2550 2395 2613 Sacra-

897 2658 1185 2714 mentum
1234 2650 1540 2733 Baptismi
1588 2657 1685 2712 est
1728 2650 2004 2712 maxime
2050 2648 2284 2712 efficax
2332 2656 2398 2711 et

896 2750 1326 2813 necessarium
1366 2750 1535 2811 inter
1570 2748 1787 2811 omnia
1832 2755 2247 2811 sacramenta.
2296 2748 2397 2809 Ef-

896 2849 1085 2925 ficax,
1135 2848 1288 2930 quia
1346 2848 1409 2910 in
1468 2864 1545 2910 eo
1601 2847 1927 2910 character
1983 2846 2391 2929 imprimitur,

895 2948 1007 3030 qui
1064 2948 1347 3010 animam
1402 2946 1686 3029 disponit
1738 2946 1815 3008 ad
1870 2946 2071 3008 divini
2131 2944 2396 3007 luminis

2509 2274 2720 2317 smum
2753 2262 2816 2317 et
2845 2255 2970 2317 alia
2999 2264 3413 2329 sacramenta,
3438 2264 3509 2318 ut
3539 2256 4020 2339 integrarentur

2509 2354 2864 2415 secundum
2894 2354 3062 2435 quod
3093 2354 3387 2435 exigebat
3413 2372 3528 2417 sua
3556 2355 3781 2431 virtus,
3795 2364 4018 2421 nostra

2508 2452 2700 2526 saluS,
2733 2458 2798 2514 et
2835 2458 3052 2515 noster
3099 2451 3374 2515 morbus.
3418 2453 3754 2536 Quumque
3803 2454 4016 2519 virtus

2508 2567 2624 2613 nos
2673 2569 2995 2632 reparanS,
3047 2551 3132 2613 sit
3179 2550 3375 2614 totius
3423 2552 4016 2634 superbeatissimae

2507 2650 2832 2713 Trinitatis
2872 2650 3096 2725 virtus,
3138 2669 3330 2733 quam
3381 2660 3598 2715 sancta
3646 2660 3850 2715 mater
3899 2654 4018 2717 Ec·

2510 2749 2704 2812 clesia
2733 2749 2934 2811 credit
2965 2750 3028 2811 in
3059 2749 3295 2824 animo,
3315 2749 3658 2813 confitetur
3687 2751 3753 2814 in
3782 2751 4012 2829 verbo,

2509 2854 2574 2911 et
2603 2847 2940 2930 profitetur
2980 2847 3045 2908 in
3083 2846 3285 2928 signo,
3319 2847 3439 2910 sub
3468 2848 3664 2910 trium
3706 2868 4014 2932 persona-

2511 2965 2652 3008 rum
2695 2945 3101 3027 proprietate,
3134 2945 3378 3019 ordine,
3411 2965 3484 3010 ac
3515 2948 3786 3012 naturali
3819 2949 4017 3031 origi-

896 3047 1391 3130 susceptionem,
1423 3044 1961 3128 quemadmodum
2006 3052 2399 3127 transparen-
2436 3046 2478 3109 C
2507 3061 2624 3121 ne3
2665 3051 2730 3105 et
2765 3044 2958 3105 etiam
3001 3042 3203 3105 virtus
3249 3043 3561 3127 passionis
3603 3045 3860 3121 Christi,
3896 3047 4016 3131 qui

894 3146 985 3209 tia
1020 3146 1303 3228 disponit
1340 3145 1578 3207 vitrum
1617 3143 1693 3207 ad
1736 3143 2166 3225 receptionem
2209 3143 2399 3206 lumi-

896 3245 997 3307 nis
1041 3244 1419 3326 corporalis3
1452 3243 1638 3305 datur
1677 3258 1931 3324 quoque
1973 3242 2175 3323 gratia
2217 3260 2398 3304 mun-

896 3341 1171 3405 dificans
1225 3341 1503 3404 animam
1571 3341 1634 3403 in
1688 3341 2035 3422 BaptismO,
2096 3347 2161 3401 et
2217 3346 2397 3403 actus

895 3442 1113 3521 gratiae
1152 3441 1230 3503 ad
1276 3439 1779 3520 refrigerandum
1831 3438 2120 3500 ardorem
2167 3456 2398 3501 concu-

896 3539 1242 3622 piscentiae.
1277 3539 1419 3601 Haec
1450 3545 1661 3600 autem
1693 3535 1976 3619 oportuit
2004 3537 2140 3599 dari
2173 3536 2236 3598 in
2274 3537 2397 3599 ele-

896 3645 1113 3700 mento
1142 3637 1311 3720 quod
1342 3656 1458 3699 sua
1485 3635 1871 3719 proprietate
1898 3635 2240 3718 multiplici
2270 3652 2397 3698 om·

895 3736 1001 3798 nia
1046 3735 1166 3798 ista
1207 3735 1588 3817 designaret,
1629 3741 1693 3797 et
1729 3734 1851 3797 hoc
1892 3741 1988 3797 est
2024 3752 2210 3815 aqua,
2252 3751 2396 3815 quae

895 3841 991 3897 est
1033 3842 1439 3917 transparens
1482 3851 1555 3896 ac
1604 3833 1824 3915 pervia
1874 3832 2125 3905 lumini,
2167 3830 2392 3906 abluit,

896 3934 1179 3996 mundat.
1232 3933 1413 4014 Aqua
1461 3932 1652 3995 etiam
1704 3931 1874 4013 apud
1922 3948 2146 3993 omnes
2195 3929 2394 4010 magis

893 4032 1164 4095 habetur
1208 4032 1274 4095 in
1318 4037 1641 4113 promptu,
1683 4030 2093 4111 humanoque
2143 4028 2394 4110 corpori

894 4129 1379 4194 convenientius
1428 4129 1788 4211 applicatur
1832 4146 2025 4209 quam
2078 4127 2263 4208 igniS.
2319 4127 2395 4189 Et

2509 3141 2633 3205 fuit
2689 3151 2976 3206 mortuus
3038 3151 3101 3205 et
3158 3144 3469 3226 sepultuS,
3530 3145 3764 3228 dieque
3819 3148 4016 3210 tertia

2509 3241 2853 3304 resurrexit
2887 3259 2900 3303 :
2935 3239 3085 3304 hine
3121 3242 3200 3304 ad
3239 3240 3468 3304 horum
3499 3243 4010 3326 expressionem,

2507 3341 2572 3402 in
2614 3340 2823 3422 primo
2852 3347 3250 3402 sacramento
3288 3341 3410 3404 hoc
3441 3341 3505 3403 in
3535 3360 3664 3424 quo
3703 3343 3920 3424 primo
3949 3352 4016 3406 et

2507 3439 2946 3521 principaliter
2987 3439 3190 3502 virtus
3237 3439 3372 3503 haec
3419 3449 3739 3522 operatur,
3782 3441 4018 3505 debuit

2505 3536 2652 3600 fieri
2689 3537 3015 3618 expressio
3053 3537 3398 3612 Trinitatis,
3433 3539 3870 3603 nominatione
3915 3541 4016 3604 di-

2505 3636 2756 3708 stincta,
2790 3643 3100 3716 quantum
3139 3643 3236 3697 est
3271 3635 3350 3698 de
3399 3636 3604 3698 forma
3649 3639 4011 3702 communi.

2506 3732 2738 3795 Debuit
2771 3732 2963 3795 etiam
3010 3732 3155 3795 fieri
3204 3733 3530 3815 expressio
3575 3741 3753 3797 actus
3801 3734 4020 3818 bapti-

2505 3830 2686 3894 zandi
2737 3849 2884 3893 cum
2933 3830 3100 3892 trina
3150 3830 3582 3906 immersione,
3619 3832 3698 3894 ad
3745 3851 4016 3915 expres-

2505 3929 2748 3992 sionem
2813 3928 3034 3991 mortis
3095 3928 3348 4003 Christi,
3399 3937 3461 3991 et
3511 3930 3880 4011 sepulturae,
3936 3951 4016 3995 ae

2505 4026 2988 4090 resurrectionis
3032 4025 3518 4108 post-triduum.
3554 4028 3814 4102 RursuS,
3847 4048 4018 4112 quo-

2505 4126 2674 4189 niam
2715 4126 2886 4187 salus
2925 4132 3140 4188 nostra
3173 4124 3539 4206 requirebat
3568 4125 3853 4190 inchoari
3891 4147 4019 4211 per

895 4228 1047 4311 quia
1084 4229 1184 4290 lex
1216 4226 1445 4309 Moysis
1486 4226 1587 4287 lex
1620 4225 1741 4286 fuit
1771 4224 1997 4306 rigoris
2028 4232 2090 4286 et
2118 4225 2390 4300 timoris,
2423 4231 2474 4293 D
2505 4223 3047 4303 regenerationem
3085 4241 3198 4285 seu
3237 4223 3714 4287 renovationem
3754 4223 3820 4287 in
3859 4245 4016 4292 esse

897 4327 997 4389 lex
1027 4332 1237 4388 autem
1267 4323 1500 4388 Christi
1534 4324 1635 4386 lex
1666 4323 2025 4386 clementiae
2054 4330 2119 4385 et
2147 4323 2390 4397 amoriS,

895 4422 1196 4488 convenit
1242 4423 1625 4504 evangelica}
1676 4422 1799 4504 legi
1854 4421 2138 4504 primum
2189 4441 2393 4486 sacra·

895 4529 1184 4585 mentum
1214 4521 1577 4603 Baptismus
1618 4520 1682 4583 in
1721 4520 2165 4601 refrigerativo
2196 4521 2394 4584 dulci-

891 4641 1017 4704 que
1047 4621 1386 4696 elemento,
1410 4620 1534 4701 legi
1567 4638 1715 4684 vero
1744 4620 2031 4684 Mosaicae
2060 4620 2394 4682 circumci-

891 4721 987 4785 sio
1029 4739 1178 4783 cum
1220 4719 1481 4782 cultello
1524 4719 1797 4802 petrino.

972 4820 1276 4883 Praeterea
1323 4819 1377 4881 si
1425 4825 1765 4900 quaeratur,
1809 4818 2064 4900 quando
2107 4817 2392 4881 Christus

890 4918 1288 5002 Baptismum
1322 4917 1635 4997 instituit3
1666 4917 2034 4992 dicendum,
2069 4917 2240 4999 quod
2271 4917 2395 4999 pri-

892 5037 997 5082 mo
1037 5018 1387 5081 insinuavit
1429 5017 1641 5100 ipsum
1686 5016 2148 5079 instituendum
2196 5016 2260 5077 in
2298 5017 2395 5079 Jo-

890 5117 1077 5181 annis
1118 5117 1457 5200 baptismo,
1494 5123 1559 5178 et
1596 5115 2057 5177 instituendum
2103 5115 2395 5196 praedixit

593 5235 865 5288 dannanus.
894 5217 961 5279 in
1004 5217 1245 5281 Ioanne
1298 5233 1311 5277 :
1362 5215 1497 5279 Nisi
1547 5215 1691 5297 quis
1750 5221 2007 5277 renatus
2065 5212 2260 5276 fuerit
2315 5231 2393 5276 ex

894 5333 1060 5396 aqua
1100 5321 1165 5378 et
1205 5313 1448 5396 Spiritu
1492 5313 1743 5389 Sancto,
1778 5330 1904 5376 non
1950 5310 2234 5387 intrabit,
2267 5318 2386 5375 etc.

2501 4321 2718 4402 gratiae
2757 4321 3142 4384 conferentis
3183 4339 3322 4384 esse
3365 4322 3718 4404 spirituale,
3758 4324 4014 4389 abster-

2501 4421 2708 4502 gendo
2739 4420 3234 4496 immunditiam,
3261 4419 3606 4502 effugando
3635 4422 4012 4504 caliginem,

2503 4520 2934 4602 refrigerando
2963 4520 3572 4602 concupiscentiam,
3594 4541 3736 4604 quae
3767 4521 4019 4587 labefa-

2504 4627 2631 4682 ctat
2667 4637 2924 4682 omnem
2965 4619 3393 4682 communiter
3431 4619 3755 4684 hominem
3799 4638 3812 4683 :
3851 4621 4018 4687 hine

2501 4719 2717 4781 decuit
2756 4719 3044 4782 exhiberi
3089 4719 3210 4782 hoc
3255 4727 3722 4782 sacramentum
3767 4719 3834 4784 in
3875 4723 4016 4786 ele-

2504 4825 2720 4881 mento
2749 4819 3023 4881 habente
3051 4818 3583 4894 conformitatem,
3615 4839 3694 4882 ex
3723 4823 4014 4886 naturali

2503 4919 3079 4999 repraesentatione,
3123 4919 3200 4981 ad
3245 4918 3564 5000 triplicem
3607 4920 3799 4982 istum
3836 4921 4011 4985 effe-

2501 5025 2676 5078 ctum
2716 5017 2933 5099 gratiae
2979 5017 3336 5080 inchoantis
3379 5025 3658 5081 nostram
3697 5019 4004 5084 salutem.

2501 5116 2836 5198 Quumque
2875 5135 3042 5198 aqua
3081 5135 3197 5180 sua
3241 5117 3517 5200 puritate
3559 5119 3843 5193 mundet,
3879 5139 4009 5183 sua

2499 5215 2845 5298 pervietate
2875 5214 3118 5278 deferat
3146 5215 3377 5290 lucem,
3410 5223 3476 5278 et
3504 5235 3619 5279 sua
3647 5217 4006 5300 frigiditate

2499 5313 2831 5395 refrigeret
2871 5314 3405 5396 concupiscentiae
3447 5315 3683 5398 ignem,
3713 5335 3790 5379 ac
3827 5317 4009 5383 inter
