4267 6250
532 500 676 546 nis-r.
719 501 786 547 x1
829 499 1079 566 suumn
1119 500 1344 558 Qusssr.
1389 501 1410 547 1
1451 500 1468 547 ε
1511 501 1712 548 uranu
1753 501 1933 548 rAms
1975 501 2411 554 convniam-run
2450 505 3019 566 suns‘rANriAmrnn,
3056 506 3185 554 mc.
3283 488 3403 554 277

333 675 586 740 intincta
626 692 760 740 non
808 674 1002 740 debet
1046 676 1188 739 dari
1233 675 1480 758 populo
1525 694 1645 758 pro
1691 676 2151 759 supplemento
2200 681 2687 746 communionis
2729 702 2744 743 ε
2785 683 2943 764 quia
2991 699 3125 745 non
3168 682 3409 764 legitur

333 793 608 856 Christus
655 793 856 856 alicui
912 793 1392 874 discipulorum
1445 791 1805 873 praebuisse
1859 811 2096 875 panem
2156 797 2531 877 intinctum,
2580 799 2711 862 nisi
2758 799 2800 862 J
2803 799 2972 864 udae.
3022 799 3193 862 Tum
3250 815 3404 863 vero
3432 820 3701 880 Παμβω-

3432 897 3503 928 ma
3546 885 3669 930 Sont.

331 927 452 972 non
497 909 732 991 accepit
775 908 986 972 Judas
1030 926 1270 990 corpus
1316 908 1584 989 Christi,
1629 910 1746 973 sed
1791 911 2050 975 tantum
2099 931 2359 995 panem.
2404 914 2657 997 Corpus
2704 932 2858 979 vero
2905 916 2968 980 et
3015 914 3404 998 sanguinem
3432 951 3701 1001 mmm,

334 1025 556 1090 Christi
598 1026 743 1091 ante
791 1043 945 1089 cum
995 1026 1145 1090 aliis
1191 1025 1536 1108 discipulis
1579 1029 1976 1129 perceperat.

885 1349 1227 1414 SUMMA

527 1514 1122 1571 nis‘rlNchole
1173 1515 1609 1572 UNDECIMAE

445 1762 890 1826 RAECEDENTI
931 1762 1339 1826 distinctione
1376 1764 1655 1826 ostendit
1684 1764 1805 1826 Ma-

460 1862 669 1944 gister,
695 1861 762 1924 in
795 1862 1204 1925 Sacramento
1235 1861 1450 1925 altaris
1481 1880 1712 1944 corpus
1743 1871 1807 1925 et

333 1961 682 2043 sanguinem
729 1960 1070 2024 Salvatoris
1112 1979 1259 2023 vere
1303 1961 1557 2024 realiter
1595 1980 1670 2024 ac
1713 1962 1805 2023 in-

333 2059 976 2142 comprehensibiliter
1025 2059 1357 2122 contineri.
1403 2059 1514 2122 Hic
1561 2060 1804 2134 edocet,

331 2157 527 2239 qualis
577 2158 656 2221 sit
707 2157 816 2220 illa
873 2157 1224 2220 conversio.
1287 2157 1528 2221 Deinde
1588 2157 1810 2241 pandit

332 2256 484 2318 circa
517 2257 630 2319 hoc
660 2256 1086 2340 quorumdam
1122 2256 1456 2339 opiniones
1489 2275 1803 2320 erroneas.

333 2354 450 2428 Quo
487 2354 672 2430 facte,
704 2354 896 2418 solvit
935 2361 1062 2418 tres
1100 2355 1481 2438 quaestiones
1523 2372 1809 2418 commu-

1831 1274 1882 1337 A
1913 1284 1978 1338 et
2018 1277 2532 1358 augmentatione
2582 1279 2865 1362 corporis
2907 1279 3160 1344 Christi.
3194 1315 3276 1326 —
3304 1280 3409 1344 Se-

1913 1374 2145 1448 cundo,
2179 1375 2532 1440 substantia
2574 1378 2759 1460 panis
2803 1396 2929 1442 non
2972 1385 3070 1441 est
3108 1379 3243 1442 sola
3286 1399 3413 1441 ma-

1911 1473 2093 1546 teria,
2146 1493 2264 1536 nec
2322 1475 2456 1538 sola
2503 1476 2728 1551 forma,
2778 1476 2889 1539 sed
2942 1483 3288 1558 utrumque
3334 1476 3415 1539 si-

1917 1571 2050 1634 mul
2092 1572 2459 1636 immediate
2498 1573 2750 1637 unitum
2788 1575 2867 1637 ad
2896 1575 3411 1638 constituendum

1914 1689 2108 1733 unam
2140 1679 2431 1733 naturam
2467 1672 2861 1754 specificam,
2894 1673 3060 1736 sicut
3089 1673 3153 1735 in
3185 1673 3412 1736 ceteris

1915 1768 2311 1831 naturalibus
2342 1771 2795 1834 materialibus
2842 1771 3053 1835 rebus·
3092 1774 3218 1834 Aut
3262 1790 3413 1853 ergo

1917 1867 2182 1930 materia
2210 1867 2392 1949 panis
2424 1868 2805 1932 convertitur
2831 1870 2896 1932 in
2928 1870 3253 1933 materiam
3283 1889 3415 1933 cor-

1916 1965 2090 2048 poris
2122 1965 2375 2040 Christi,
2410 1974 2473 2029 et
2510 1967 2944 2031 substantialis
2982 1968 3189 2031 forma
3231 1969 3415 2052 panis

1920 2063 1982 2125 in
2023 2064 2507 2127 substantialem
2539 2065 2807 2129 sormam
2843 2067 3127 2149 corporis
3156 2067 3412 2141 Christi,

1919 2171 2072 2244 puta
2112 2163 2175 2225 in
2214 2163 2495 2226 animam
2526 2163 2667 2245 ejus
2708 2164 3118 2244 rationalem3
3149 2173 3260 2228 aut
3285 2172 3416 2228 tota

1919 2261 2028 2322 illa
2065 2260 2424 2323 substantia
2460 2263 2643 2344 panis
2680 2263 3071 2326 convertitur
3109 2263 3175 2325 in
3216 2263 3415 2326 solam

1921 2359 2250 2422 materiam
2312 2360 2595 2442 corporis
2656 2361 2906 2424 Christi.
2972 2361 3049 2423 Et
3103 2362 3415 2445 quidquid

333 2471 450 2515 nes.
481 2453 690 2516 Prima
726 2459 845 2529 est,
879 2472 995 2516 cur
1023 2452 1309 2517 Christus
1351 2471 1476 2516 non
1517 2453 1636 2515 sub
1668 2473 1808 2535 spe·
1840 2458 1887 2521 B
1919 2458 2147 2520 horum
2179 2457 2447 2532 dicatur,
2482 2459 2685 2521 multa
2713 2458 3125 2541 objiciuntur.
3162 2460 3415 2523 Dictum

333 2551 418 2612 cie
471 2552 676 2614 carnis
733 2560 801 2614 et
847 2551 1196 2632 sanguiniS,
1247 2551 1358 2614 sed
1414 2550 1536 2613 sub
1584 2550 1808 2614 formis

334 2649 500 2730 panis
549 2658 608 2712 et
651 2650 787 2712 vini
849 2648 1126 2712 instituit
1179 2669 1436 2712 carnem
1496 2669 1678 2712 suam
1734 2668 1808 2712 ac

333 2749 686 2830 sanguinem
741 2766 882 2811 esse
941 2749 1270 2812 sumenda.
1333 2749 1642 2822 Secunda,
1695 2767 1810 2811 cur

333 2854 778 2911 sacramentum
820 2847 988 2910 istud
1029 2846 1369 2910 exhibetur
1405 2847 1525 2909 sub
1564 2845 1807 2929 duplici

335 2946 548 3026 specie,
579 2964 780 3028 quum
814 2952 1030 3008 tamen
1069 2945 1191 3008 sub
1224 2952 1488 3027 utraque
1520 2952 1687 3008 totus
1727 2944 1809 3007 sit

336 3043 613 3106 Christus.
659 3044 892 3118 Tertia,
935 3063 1050 3106 cur
1093 3062 1258 3126 aqua
1309 3045 1612 3107 miscetur
1659 3043 1808 3106 vino

336 3142 392 3203 in
432 3143 640 3216 calice,
674 3150 740 3205 et
779 3149 996 3205 utrum
1043 3143 1402 3207 necessario
1451 3144 1809 3225 requiratur

334 3241 614 3305 admixtio
655 3261 860 3324 aquae.

623 3565 1105 3643 QUAESTIO
1169 3566 1498 3631 PRIMA

465 3840 524 3901 lc
582 3838 890 3922 quaeritur
945 3838 1176 3919 prim0‚
1227 3838 1521 3905 ‘Utrum
1581 3841 1810 3919 panis

492 3936 1137 4005 substantialiter
1176 3951 1269 4003 ac
1309 3937 1810 4003 instantanee

333 4038 404 4101 et
419 4036 892 4104 miraculose
916 4037 1434 4101 convertatur
1457 4037 1542 4101 et
1565 4038 1810 4101 trans·

332 4134 902 4201 substantiatur
929 4130 1016 4198 in
1049 4147 1336 4214 corpus
1365 4134 1692 4217 Christi,
1725 4136 1809 4201 et

331 4234 596 4299 vinum
625 4232 712 4298 in
744 4233 1248 4313 sang-mnem3
1281 4234 1400 4299 ita
1430 4234 1638 4314 quod
1666 4249 1812 4301 nec

333 4330 816 4398 annihiletur
846 4329 1292 4397 substantia
1329 4333 1558 4411 panis
1587 4334 1670 4398 et
1695 4334 1811 4399 vi-

333 4431 427 4509 ni,
481 4445 628 4497 nec
655 4429 830 4497 -sub
888 4442 1216 4510 corpore
1274 4444 1367 4496 ac
1423 4432 1810 4509 sang-uine

331 4531 654 4607 maneat,
684 4542 828 4595 nec
864 4526 951 4593 in
986 4527 1209 4594 aliud
1247 4528 1730 4596 resolvatur.

400 4626 462 4688 ln
507 4627 626 4688 hac
665 4624 1013 4707 quaestione
1055 4624 1254 4686 multa
1291 4632 1635 4706 tanguntur
1671 4645 1812 4708 quae

334 4723 818 4806 condependent.
882 4722 957 4784 Et
1013 4722 1224 4803 primo
1279 4723 1587 4803 arguitur,
1640 4724 1810 4805 quod

1919 2565 2017 2620 est
2063 2555 2259 2630 enim,
2315 2558 2483 2640 quod
2544 2556 2608 2619 in
2669 2557 3076 2621 Sacramento
3132 2558 3415 2640 corporis

3469 2497 3512 2540 p.
3534 2485 3612 2528 253
3624 2483 3673 2528 Β.

1920 2653 2152 2719 Christi
2202 2674 2279 2717 ex
2329 2657 2393 2719 vi
2440 2655 2818 2719 sacramenti
2877 2674 3004 2719 non
3054 2657 3418 2720 continetur
3530 2725 3547 2734 ‚

1921 2752 2043 2814 nisi
2085 2771 2231 2816 caro
2272 2753 2493 2842 ipsiuS,
2526 2754 2740 2816 anima
2769 2771 2921 2817 vero
2960 2772 3075 2836 per
3105 2755 3419 2817 concomi-

1918 2853 2184 2915 tantiam
2207 2871 2391 2935 :ergo
2423 2853 2627 2918 forma
2655 2855 2841 2936 panis
2872 2871 2998 2917 non
3029 2854 3419 2918 convertitur

1923 2951 1987 3013 in
2038 2951 2319 3013 animam
2369 2951 2620 3016 Christi.
2670 2989 2751 2998 —
2799 2952 3029 3026 Tertio,
3080 2951 3419 3015 subtractis

1919 3050 2221 3113 omnibus
2257 3050 2758 3114 accidentalibus
2789 3052 3013 3115 formis
3043 3071 3078 3114 a
3108 3050 3418 3114 materiali

1919 3149 2293 3223 substantia,
2327 3167 2451 3212 non
2497 3160 2828 3214 remanent
2865 3150 2990 3213 nisi
3029 3158 3238 3233 partes
3276 3148 3420 3232 ejus

1919 3247 2311 3322 essentialeS,
2335 3267 2477 3329 quae
2507 3256 2658 3310 sunt
2685 3249 2855 3311 nuda
2886 3248 3149 3311 materia
3178 3255 3241 3311 et
3270 3248 3421 3311 sub-

1921 3346 2230 3408 stantialis
2290 3345 2495 3409 forma
2554 3345 2745 3408 illius.
2800 3346 3006 3419 Quum
3054 3364 3205 3428 ergo
3251 3346 3417 3409 facta

1921 3445 2397 3508 consecratione
2426 3451 2491 3507 et
2518 3444 2933 3507 conversione
2964 3446 3145 3527 panis
3184 3444 3249 3508 in
3280 3463 3415 3509 cor-

1919 3562 2039 3623 pus
2077 3542 2497 3617 dominicum,
2532 3549 2829 3605 maneant
2865 3561 3089 3606 omnes
3130 3544 3418 3606 acciden—

1846 3640 1891 3704 C
1920 3641 2076 3703 'tales
2109 3641 2328 3704 formae
2358 3640 2563 3723 paniS,
2600 3640 2897 3704 videlicet
2925 3641 3244 3723 quantitas
3273 3642 3415 3724 ejus

1920 3748 1983 3802 et
2031 3739 2322 3821 qualitaS‚
2365 3758 2491 3802 non
2540 3738 2794 3801 videtur
2838 3739 3081 3821 aliquid
3131 3742 3415 3803 converti

1921 3838 1986 3900 in
2027 3855 2257 3920 corpus
2300 3837 2549 3899 Domini
2592 3836 2715 3899 nisi
2755 3837 2925 3899 nuda
2962 3844 3027 3900 et
3064 3837 3270 3919 prima
3308 3856 3415 3919 pa-

1919 3936 2020 3999 nis
2080 3936 2361 4009 materia,
2412 3943 2477 3998 et
2526 3935 2730 3999 forma
2783 3936 2925 4016 ejus
2983 3935 3415 3999 substantialis

1921 4034 2283 4097 intrinseca.
2317 4033 2575 4096 Materia
2612 4042 2823 4096 autem
2861 4034 3069 4116 prima
3101 4034 3291 4097 unius
3324 4034 3415 4098 rei

1921 4132 2226 4196 naturalis
2266 4150 2393 4196 non
2432 4140 2639 4215 potest
2667 4132 2948 4195 converti
2988 4132 3053 4195 in
3084 4133 3413 4196 materiam

1921 4231 2197 4315 primam
2242 4230 2534 4309 alterius3
2576 4250 2694 4293 nec
2738 4230 2939 4293 [orma
2982 4231 3415 4295 substantialis

1921 4330 2173 4393 videtur
2213 4330 2279 4390 in
2327 4329 2529 4410 ipsam
2577 4330 2853 4393 materias
2893 4329 3235 4393 essentiam
3274 4349 3417 4394 con-

1922 4427 2259 4502 vertibiliS,
2283 4447 2485 4510 quum
2517 4426 2721 4491 forma
2750 4435 2814 4490 et
2845 4428 3108 4491 materia
3136 4428 3265 4491 sint
3293 4429 3417 4511 pri-

1925 4545 2028 4589 mo
2075 4526 2345 4588 diversa.
2388 4560 2468 4570 -
2505 4525 2757 4600 Quarto,
2800 4524 3139 4589 subtractis
3180 4546 3217 4588 a
3255 4546 3416 4608 pane

1923 4626 2062 4706 ejus
2102 4624 2502 4687 dimensione
2541 4642 2652 4685 seu
2691 4623 3043 4707 quantitate
3078 4643 3151 4687 ac
3190 4624 3417 4687 ceteris

1921 4722 2423 4785 accidentalibus
2482 4722 2727 4795 formiS,
2781 4740 2907 4786 non
2967 4732 3180 4785 manet
3236 4722 3416 4805 quid-

335 4821 500 4901 panis
559 4839 686 4884 non
736 4820 1129 4883 convertitur
1175 4838 1294 4883 nec
1344 4820 1812 4883 transsubstan-
1842 4827 1893 4889 D
1923 4838 2114 4901 quam
2154 4819 2232 4880 de
2275 4836 2457 4901 pane,
2491 4817 2613 4880 nisi
2662 4818 3074 4882 indivisibilis
3112 4827 3175 4881 et
3212 4818 3416 4881 incor-

332 4918 508 4981 tiatur
539 4920 604 4981 in
635 4936 868 5000 corpus
899 4917 1152 4982 Christi.
1187 4914 1450 4981 Videtur
1477 4919 1650 4981 enim
1692 4919 1812 4983 hoc

334 5016 618 5100 derogare
676 5015 1201 5100 praestantissimo
1255 5018 1504 5098 corpori
1557 5017 1810 5089 Christi,

333 5117 485 5195 quod
544 5124 674 5179 tam
724 5115 872 5177 vilis
931 5122 995 5177 et
1043 5114 1388 5177 inanimata
1445 5134 1566 5188 reS,
1623 5135 1812 5177 manu

334 5212 650 5277 hominum
692 5212 982 5286 formata,
1016 5220 1420 5276 convertatur
1457 5213 1524 5275 in
1565 5212 1811 5295 ipsum3

1921 4916 2157 5000 poralis
2185 4916 2326 4997 ejus
2356 4916 2631 4979 essentia
2665 4932 2679 4978 :
2714 4916 2931 4997 sicque
2963 4933 3193 4997 corpus
3234 4914 3417 4997 panis

1920 5035 2048 5078 non
2080 5022 2556 5079 converteretur
2586 5015 2651 5076 in
2684 5031 2915 5096 corpus
2945 5014 3303 5077 SalvatoriS.
3338 5050 3418 5060 —

1921 5116 2183 5189 Rursus,
2237 5113 2656 5197 praehabitum
2716 5120 2815 5174 est
2870 5112 3040 5194 quod
3098 5112 3418 5194 quantitas

1922 5213 2207 5295 corporis
2247 5211 2478 5275 Christi
2518 5218 2581 5273 et
2622 5210 2841 5273 formae
2885 5209 3085 5292 ipsius
3128 5210 3418 5273 acciden-

337 5330 440 5374 ncc
467 5312 721 5376 videtur
750 5310 870 5374 hoc
904 5310 1044 5373 fieri
1083 5328 1267 5393 posse
1297 5312 1435 5373 sine
1469 5311 1815 5374 mutatione
1925 5310 2078 5373 tales
2118 5318 2265 5373 sunt
2306 5311 2369 5372 in
2411 5316 2806 5373 sacramento
2844 5328 2958 5391 per
2995 5309 3421 5372 concomitan-

3474 5143 3513 5183 ρ.
3530 5132 3607 5173 253
3619 5128 3682 5173 13⁹.
