4267 6250
1041 491 1128 539 AN
1169 492 1234 539 m
1273 491 1408 540 18'1'0
1447 491 1849 539 mmmm
1890 489 2254 538 Accmmm
2296 491 2413 538 rm
2452 491 2525 538 SE
2565 492 2899 540 nasum

3404 472 3527 538 319

407 665 510 720 est
565 657 1057 741 impossibilitas
1112 669 1180 724 et
1223 662 1608 745 incapacitas
1663 662 1913 727 essendi
1945 662 1999 725 A
2027 681 2118 738 re,
2148 671 2213 727 et
2248 663 2734 747 aptitudinalem
2774 661 3218 726 habitudinem
3258 661 3336 724 ad
3376 659 3523 724 sub-

405 755 548 820 sine
595 757 898 840 subjecto
955 780 1068 824 seu
1117 761 1558 836 fundamento,
1609 781 1686 826 ex
1738 769 1914 845 parte

409 854 727 936 ipsorum,
778 876 908 921 non
959 876 1035 921 ex
1085 859 1462 941 impotentia
1508 861 1639 923 Dei.
1693 861 1915 924 Utrum

411 969 568 1016 vero
603 954 966 1018 accidentia
993 956 1284 1020 absoluta
1307 959 1569 1040 (praeter
1604 958 1916 1040 quantita-

409 1052 594 1132 tem),
629 1073 774 1136 quae
805 1073 920 1137 per
947 1073 1064 1118 sua
1092 1055 1575 1120 individuantur
1603 1055 1910 1138 subjecta,

409 1151 665 1231 possint
694 1152 1082 1215 individuari
1119 1154 1244 1217 alio
1275 1155 1466 1218 modo
1495 1156 1728 1218 virtute
1758 1155 1915 1218 divi-

411 1267 510 1321 na,
537 1249 860 1313 incertum
890 1260 1018 1330 est3
1039 1261 1105 1315 et
1131 1253 1253 1316 hoc
1285 1252 1687 1335 investigare,
1712 1255 1914 1335 magis

408 1346 668 1410 videtur
705 1350 1030 1413 curiosum
1071 1370 1264 1434 quam
1301 1351 1720 1416 fructuosum.
1753 1353 1914 1428 Quo-

407 1445 586 1508 niam
625 1464 780 1529 ergo
809 1447 876 1510 in
914 1448 1036 1512 hoc
1074 1457 1472 1514 sacramento
1505 1450 1638 1515 sola
1666 1453 1914 1534 quanti-

407 1551 504 1608 tas
549 1545 814 1627 ponitur
855 1565 974 1630 per
1015 1565 1084 1610 se
1131 1549 1270 1611 sine
1313 1549 1604 1632 subjecto
1651 1551 1912 1614 exsiste-

405 1661 500 1716 re,
551 1650 768 1707 cetera
815 1663 972 1708 vero
1023 1646 1382 1711 accidentia
1438 1647 1505 1711 in
1563 1649 1912 1732 quantitate

405 1740 784 1818 fundantur,
845 1744 1138 1808 doctrina
1191 1745 1347 1808 fidei
1407 1746 1486 1810 de
1543 1747 1912 1810 exsistentia

2022 761 2267 842 jectum
2332 762 2588 837 habere,
2654 762 3079 845 inseparabile
3137 769 3233 824 est
3288 759 3368 823 ab
3424 776 3520 822 eo.

2023 861 2359 944 Quumque
2408 861 2572 925 scire
2631 861 2715 924 sit
2762 879 2897 924 rem
2956 879 3070 943 per
3116 878 3373 922 causam
3422 877 3525 923 co-

2023 977 2351 1041 gnoscere,
2404 978 2532 1023 non
2591 967 2801 1044 potest
2853 959 3150 1024 accidens
3210 958 3349 1020 sine
3408 975 3525 1020 suo

2023 1057 2317 1138 subiecto
2360 1058 2644 1140 plenarie
2688 1059 2865 1122 nosci
2909 1076 3029 1121 nec
3071 1055 3351 1120 definiri.

2103 1157 2391 1238 Denique
2420 1157 2691 1220 Thomas
2732 1157 2811 1220 de
2844 1156 3187 1238 Argentina
3223 1154 3345 1218 hoc
3385 1154 3524 1218 loco

2023 1253 2246 1316 recitat
2290 1254 2659 1337 opinionem
2698 1255 3072 1329 dicentium,
3107 1254 3521 1337 quantitatem

2021 1370 2151 1415 non
2210 1353 2517 1436 distingui
2576 1354 2833 1418 realiter
2879 1373 2918 1416 a
2973 1373 3042 1417 re
3100 1359 3357 1436 quanta,
3409 1371 3523 1416 seu

2021 1468 2254 1532 corpus
2300 1451 2469 1533 quod
2513 1459 2612 1514 est
2654 1452 2732 1514 de
2775 1469 3007 1534 genere
3055 1451 3447 1534 quantitatiS,
3487 1470 3524 1513 a

2021 1565 2287 1631 corpore
2338 1550 2508 1632 quod
2556 1557 2653 1613 est
2698 1551 2777 1613 de
2836 1550 3327 1632 praedicamento
3376 1549 3523 1612 sub·

2019 1648 2289 1722 stantiae,
2320 1667 2433 1710 seu
2463 1667 2501 1710 a
2531 1648 2795 1712 materia
2821 1656 3074 1730 quanta.
3110 1648 3285 1722 Quod
3314 1647 3523 1730 primo

2021 1745 2115 1807 sic
2164 1743 2438 1827 probant
2481 1763 2495 1807 :
2542 1745 2809 1809 Omnem
2862 1765 2996 1808 rem
3046 1745 3325 1828 priorem
3372 1745 3519 1820 alia,

403 1840 844 1904 accidentium
887 1843 1027 1906 sine
1065 1844 1379 1925 subjecto,
1412 1845 1500 1908 nil
1547 1845 1910 1910 irrationale
1947 1842 1994 1905 B
2024 1851 2233 1924 potest
2275 1845 2441 1907 Deus
2489 1844 2698 1907 facere
2748 1851 2812 1908 et
2858 1862 3257 1918 conservare,
3300 1851 3365 1906 et
3411 1862 3520 1926 po-

405 1939 716 2002 continet.
751 1940 1155 2005 Conveniunt
1193 1951 1410 2006 autem
1445 1945 1783 2027 quantitati
1823 1964 1914 2009 re·

403 2045 634 2120 spectu
681 2039 1114 2102 accidentium
1163 2042 1460 2117 aliorum,
1500 2051 1791 2125 quatuor,
1833 2063 1912 2108 ex

403 2135 647 2216 quibus
705 2135 1058 2218 probamus
1111 2139 1236 2202 alia
1291 2141 1646 2204 accidentia
1703 2143 1912 2206 inesse

401 2232 784 2298 substantiae
834 2236 1152 2300 mediante
1205 2239 1578 2320 quantitate,
1629 2248 1693 2303 et
1740 2242 1911 2323 quod

401 2339 618 2393 cetera
653 2333 1016 2397 accidentia
1055 2335 1119 2396 in
1154 2337 1506 2418 quantitate
1540 2338 1906 2402 fundantur.

401 2429 692 2493 Primum
734 2439 854 2506 est,
885 2433 1190 2515 quoniam
1227 2437 1547 2518 quantitas
1589 2438 1790 2518 magis
1833 2438 1911 2501 de

403 2529 774 2612 propinquo
802 2549 870 2593 se
901 2537 1076 2594 tenet
1101 2551 1179 2594 ex
1211 2542 1389 2614 parte
1417 2535 1706 2609 materiae,
1721 2555 1912 2619 quam

399 2627 764 2691 accidentia
799 2629 944 2692 alia.
981 2630 1058 2692 Et
1093 2649 1172 2693 ex
1210 2631 1332 2694 hoc
1370 2632 1580 2714 primo
1621 2634 1913 2716 sequitur

401 2727 790 2802 secundum,
837 2737 908 2790 ut
953 2729 1122 2811 quod
1172 2731 1436 2793 materia
1481 2730 1562 2794 ab
1609 2733 1910 2796 omnibus

399 2823 546 2888 aliis
587 2825 1038 2889 accidentibus
1076 2827 1450 2904 absolvitur,
1483 2837 1906 2913 praeterquam

398 2941 439 2984 a
481 2923 862 3005 quantitate.
897 2924 976 2986 Et
1017 2944 1092 2988 ex
1135 2926 1255 2989 isto
1297 2928 1578 2991 secundo
1619 2929 1910 3012 sequitur

2022 1941 2353 2005 steriorem
2383 1942 2873 2018 destruere,non
2904 1942 3208 2005 mutando
3240 1941 3524 2005 localiter

2023 2058 2159 2102 rem
2206 2041 2504 2123 priorem.
2540 2042 2704 2123 Ergo
2743 2042 2797 2105 si
2839 2042 3157 2125 quantitas
3196 2040 3417 2104 differt
3453 2060 3521 2105 re

2021 2159 2058 2204 a
2105 2141 2481 2215 substantia,
2532 2148 2598 2204 et
2642 2149 2739 2204 est
2796 2141 3109 2225 posterior
3162 2159 3239 2204 ea
3295 2142 3521 2205 saltem

2022 2239 2245 2301 ordine
2289 2247 2533 2302 naturae
2574 2246 2639 2302 et
2682 2239 3073 2314 causalitate,
3108 2247 3315 2323 potest
3353 2241 3521 2303 Deus

2021 2338 2441 2419 quantitatem
2470 2338 2819 2414 destruere,
2853 2338 3208 2401 substantia
3238 2338 3521 2402 localiter

2022 2453 2149 2497 non
2201 2443 2443 2497 mutata
2489 2452 2503 2498 :
2550 2453 2701 2518 ergo
2748 2435 3102 2498 substantia
3146 2437 3354 2500 adhuc
3400 2436 3523 2499 erit

2021 2540 2303 2608 extensa,
2346 2541 2409 2596 et
2456 2551 2775 2616 occupans
2826 2534 3038 2597 locum
3086 2543 3157 2596 ut
3205 2535 3414 2617 prius;
3458 2543 3523 2597 et

2023 2651 2136 2715 per
2175 2650 2573 2716 consequens
2612 2632 2821 2695 adhuc
2864 2641 3080 2697 manet
3117 2634 3421 2696 continua
3458 2640 3523 2696 et

2020 2738 2278 2813 quanta,
2330 2731 2471 2795 sine
2520 2732 2871 2814 quantitate
2920 2732 3175 2796 realiter
3222 2732 3523 2795 distincta

2019 2827 2100 2890 ab
2129 2846 2225 2891 ea.
2259 2828 2574 2904 Secundo,
2603 2828 2958 2892 substantia
2990 2828 3217 2913 lapidis
3248 2829 3521 2912 intelligi

2019 2934 2228 3009 potest
2267 2945 2525 2989 manere
2572 2926 2637 2989 in
2677 2927 2900 2990 eodem
2947 2927 3085 2992 loco
3124 2929 3191 2991 in
3235 2946 3362 3011 quo
3398 2936 3517 3003 est,

399 3021 690 3097 tertium,
735 3029 980 3104 utpote,
1012 3023 1182 3118 quod
1217 3025 1537 3106 quantitas
1577 3026 1908 3090 immedia-
1945 3021 1988 3086 C
2021 3024 2510 3108 circumscripta
2548 3043 2661 3088 seu
2702 3025 3017 3088 abstracta
3052 3025 3133 3089 ab
3163 3045 3239 3090 ea
3274 3045 3390 3110 per
3427 3027 3519 3090 in-

399 3119 529 3183 tius
558 3119 846 3185 adhaeret
873 3121 1176 3197 materiae,
1209 3142 1402 3206 quam
1432 3126 1784 3190 accidentia
1813 3146 1910 3190 ce-

397 3226 554 3281 tera.
575 3219 672 3281 Ex
702 3237 834 3301 quo
865 3220 1049 3284 tertio
1078 3221 1370 3303 sequitur
1397 3231 1713 3305 quartum,
1739 3226 1907 3307 quod

397 3317 654 3381 scilicet
687 3318 954 3380 materia
993 3326 1201 3399 potest
1229 3319 1499 3403 intelligi
1531 3340 1680 3385 cum
1709 3343 1908 3405 quan-

398 3415 764 3489 titate,aliis
791 3416 1232 3480 accidentibus
1261 3419 1764 3503 circumscriptis
1793 3440 1907 3485 seu

393 3514 778 3594 abstractis;
811 3532 939 3577 non
975 3524 1192 3579 autem
1233 3525 1442 3599 potest
1471 3518 1741 3602 intelligi
1780 3539 1908 3582 ma-

399 3612 564 3677 teria
625 3632 776 3676 cum
831 3614 1270 3678 accidentibus
1329 3615 1496 3691 aliis,
1555 3618 1907 3700 quantitate

396 3711 910 3794 circumscripta.
962 3748 1043 3757 —
1097 3713 1242 3777 Haec
1293 3714 1597 3797 AEgidius.
1651 3716 1770 3790 Qui
1827 3718 1906 3780 de

395 3810 502 3873 his
549 3809 781 3873 scribit
823 3810 1087 3893 prolixe.
1129 3812 1436 3876 Praeterea
1481 3814 1705 3877 scribit
1744 3816 1907 3897 AEgi-

396 3909 569 3984 dius,
632 3908 930 3973 accidens
996 3927 1124 3973 non
1185 3929 1372 3993 posse
1438 3912 1708 3994 intelligi
1765 3913 1904 3977 sine

393 4008 716 4089 subjecto.

477 4106 1025 4170 Antisiodorensis
1063 4125 1216 4171 vero
1257 4108 1320 4171 in
1361 4108 1624 4173 Summa
1665 4130 1798 4187 sua,
1834 4112 1904 4173 li-

2019 3123 2350 3187 tellectum
2392 3123 2568 3186 omni
2612 3142 2681 3186 re
2722 3125 3057 3207 posteriori
3094 3144 3203 3206 ea3
3236 3127 3346 3189 sed
3388 3145 3517 3191 non

2018 3230 2229 3305 potest
2260 3220 2531 3303 intelligi
2572 3240 2832 3285 manere
2871 3223 2934 3285 in
2978 3223 3116 3286 loco
3150 3224 3287 3287 sine
3318 3244 3517 3307 quan-

2018 3320 2197 3383 titate
2244 3340 2259 3384 :
2304 3336 2454 3402 ergo
2502 3320 2823 3402 quantitas
2872 3338 2999 3384 non
3048 3330 3146 3384 est
3193 3340 3267 3385 ea
3311 3330 3517 3405 poste-

2019 3419 2169 3493 rior,
2222 3438 2341 3482 nec
2386 3419 2684 3482 accidens
2742 3418 2883 3500 ejus
2940 3420 3195 3483 realiter
3250 3420 3331 3483 ab
3380 3421 3519 3503 ipsa

2017 3517 2412 3580 distinctum.
2464 3518 2696 3592 Tertio,
2748 3518 2801 3580 si
2850 3518 3169 3600 quantitas
3214 3518 3435 3581 differt
3480 3538 3517 3582 a

2017 3614 2391 3689 substantia,
2432 3622 2647 3699 posset
2688 3616 2853 3678 Deus
2897 3614 3107 3678 facere
3155 3617 3325 3699 quod
3367 3617 3515 3680 sub-

2016 3714 2248 3777 stantia
2296 3713 2642 3796 corporalis
2692 3711 3104 3776 coexsisteret
3150 3715 3512 3796 quantitati,

2015 3831 2134 3875 nec
2198 3810 2648 3874 informaretur
2710 3830 2827 3893 per
2886 3829 3027 3873 eam
3088 3829 3103 3873 :
3164 3830 3314 3894 ergo
3369 3813 3515 3876 talis

2015 3909 2369 3974 substantia
2406 3916 2576 3971 esset
2603 3916 2838 3991 quanta
2868 3928 2935 3971 se
2965 3909 3125 3991 ipsa,
3158 3910 3297 3974 sine
3336 3912 3513 3975 omni

2013 4009 2365 4092 quantitate
2406 4006 2529 4069 sibi
2576 4025 2689 4090 per
2728 4006 3244 4071 informationem
3286 4010 3511 4091 adjun-

2013 4116 2134 4182 cta,
2186 4107 2489 4190 quoniam
2540 4114 2672 4169 tota
2732 4106 2841 4169 illa
2895 4105 3249 4169 substantia
3306 4125 3513 4172 corre-

395 4204 516 4269 bro
544 4212 790 4286 quarto,
805 4204 1088 4269 affirmat
1118 4206 1286 4288 quod
1317 4207 1613 4271 accidens
1643 4208 1898 4272 definiri
1933 4212 1983 4274 D
2013 4206 2355 4289 sponderet
2395 4206 2506 4269 toti
2547 4204 2884 4289 quantitati
2929 4205 3035 4268 cui
3078 4206 3507 4283 coexsisteret,

397 4310 612 4385 potest
667 4310 860 4385 atque
919 4303 1190 4385 intelligi
1247 4305 1386 4368 sine
1445 4306 1757 4388 subjecto,
1815 4309 1903 4373 lo-

396 4401 658 4483 quendo
686 4401 768 4462 de
795 4401 1112 4464 accidenti
1149 4403 1501 4466 secundum
1541 4424 1730 4467 suum
1761 4424 1900 4469 esse

397 4498 692 4575 formale,
728 4517 842 4561 seu
872 4508 1184 4581 quantum
1223 4500 1301 4562 ad
1343 4520 1524 4563 suam
1557 4504 1900 4566 essentiam

395 4598 716 4661 abstracte
745 4597 1224 4671 consideratam,
1238 4606 1428 4679 prout
1453 4598 1759 4663 definitur
1787 4621 1904 4683 per

397 4696 738 4779 proprium
775 4713 979 4776 genus
1009 4694 1570 4780 differentiamque
1609 4697 1902 4763 intrinse-

398 4814 560 4857 cam.
611 4829 696 4840 —
743 4793 1197 4857 Verumtamen
1249 4794 1432 4874 juxta
1481 4796 1900 4860 intentionem

394 4892 652 4974 AEgidii,
686 4891 878 4973 plene
915 4909 1044 4954 non
1081 4892 1248 4955 valet
1293 4892 1563 4975 intelligi
1611 4894 1736 4957 nisi
1787 4914 1902 4978 per

397 5009 585 5053 suum
637 4987 1031 5071 subjectum,
1062 5009 1101 5051 a
1138 5009 1268 5073 quo
1310 4991 1502 5054 habet
1541 4991 1902 5074 originatio-

397 5106 570 5163 nem,
603 5088 1180 5165 conservationem,
1214 5090 1545 5165 unitatem,
1578 5097 1642 5153 et
1671 5091 1902 5154 indivi-

397 5188 768 5251 duationem
801 5188 1156 5249 secundum
1187 5195 1491 5251 naturam.
1508 5188 1586 5250 Et
1607 5190 1901 5271 quamvis

399 5302 526 5349 non
571 5286 727 5350 insit
769 5292 940 5361 actu,
971 5286 1328 5369 aptitudine
1371 5293 1585 5350 tamen
1637 5287 1901 5352 inhaere-

2011 4313 2202 4387 atque
2246 4322 2361 4386 per
2405 4322 2803 4386 consequens
2853 4323 2999 4387 pars
3046 4305 3209 4387 parti
3244 4324 3259 4368 z
3291 4306 3512 4389 sicque

2011 4402 2368 4467 substantia
2419 4402 2530 4464 illa
2580 4420 2649 4465 se
2703 4402 2841 4485 ipsa
2893 4404 3270 4467 consisteret
3314 4424 3512 4488 quan-

2011 4509 2096 4577 ta,
2129 4500 2283 4583 quia
2320 4500 2705 4582 supponitur
2746 4502 2915 4583 quod
2964 4519 3091 4564 non
3132 4502 3513 4566 informetur

2010 4599 2362 4684 quantitate
2390 4598 2494 4661 cui
2526 4598 2867 4661 coexsistit.
2891 4599 3510 4674 Quart0,secundum

2009 4698 2402 4779 Magistrum,
2436 4696 2631 4769 color,
2664 4714 2852 4777 sapor
2895 4703 2959 4759 et
3002 4697 3361 4761 consimilia
3408 4718 3509 4762 ac-

2011 4796 2291 4859 cidentia
2334 4796 2397 4857 in
2443 4794 2873 4868 Sacramento,
2916 4803 3066 4857 sunt
3108 4796 3247 4859 sine
3295 4796 3508 4878 subie-

2010 4903 2114 4958 cto
2165 4912 2180 4957 :
2232 4894 2403 4976 quod
2461 4892 2695 4956 falsum
2754 4900 2942 4967 esset,
2995 4894 3046 4957 si
3106 4898 3424 4977 quantitas
3471 4918 3510 4961 a

2011 4992 2367 5055 substantia
2407 4990 2701 5054 differret
2745 4990 2999 5053 realiter
3032 5009 3046 5054 z
3079 5002 3293 5056 essent
3332 4996 3507 5059 enim

2012 5091 2367 5173 subjective
2415 5090 2483 5152 in
2526 5089 2895 5172 quantitate.
2932 5089 3183 5165 Quinte,
3216 5092 3268 5155 si
3312 5112 3509 5175 quan-

2013 5191 2159 5253 titas
2197 5188 2416 5251 differt
2444 5208 2481 5252 a
2519 5187 2894 5262 substantia,
2926 5205 3076 5271 ergo
3113 5188 3255 5272 ejus
3292 5190 3506 5274 subje-

2017 5296 2195 5352 ctum
2236 5296 2334 5351 est
2378 5287 2643 5351 materia
2688 5295 2799 5351 aut
2840 5286 3066 5364 forma,
3105 5296 3216 5351 aut
3254 5307 3509 5374 compo-
