4267 6250
1255 503 1432 552 unm
1471 505 1534 551 lv
1575 503 2058 551 smmunuu.
2101 521 2183 534 -
2222 503 2375 551 msr.
2418 505 2459 552 X

3284 483 3403 551 247

324 675 588 749 tei-valla,
626 682 695 739 et
741 673 1147 739 devotionem
1189 675 1265 739 ad
1310 682 1592 738 sanctam
1636 692 1804 738 com·
1831 673 1882 737 A
1913 674 2084 738 niam
2118 675 2329 742 omnis
2359 675 2469 758 qui
2498 673 2733 758 accipit
2770 681 3263 750 sacramentum,
3304 674 3407 738 ad-

325 773 677 838 munionem
709 775 1048 838 videantur
1075 774 1326 838 habere.
1349 773 1560 838 Nihilo
1589 773 1803 836 minus

325 873 548 944 Petrus,
587 873 940 937 Richardus
989 882 1053 936 et
1097 872 1206 934 alii
1247 873 1432 936 multi
1475 873 1802 937 concordi·

323 978 412 1034 ter
445 972 732 1035 scribunt
779 973 948 1036 sicut
987 991 1065 1036 ex
1104 972 1345 1035 Thoma
1377 972 1510 1052 jam
1557 971 1799 1034 dictum

325 1079 449 1132 est:
480 1089 751 1152 quorum
784 1071 1122 1134 concordia
1149 1071 1243 1133 sic
1274 1070 1539 1133 forsitan
1571 1071 1803 1153 poterit

324 1168 634 1250 assignari,
687 1169 858 1251 quod
909 1168 974 1230 in
1027 1169 1297 1232 articulo
1345 1168 1566 1232 mortis
1613 1187 1800 1250 agen-

325 1267 462 1328 dum
491 1267 572 1330 sit
599 1267 771 1330 sicut
796 1267 1086 1330 doctores
1127 1266 1232 1329 isti
1271 1265 1706 1340 conscribunt,
1739 1274 1803 1330 et

325 1359 393 1428 eit
435 1366 825 1447 generalium
873 1364 1294 1428 conciliorum
1343 1365 1648 1448 probatur
1691 1367 1801 1429 de-

327 1465 540 1542 cretis3
587 1465 820 1526 ceteris
867 1481 1020 1527 vero
1075 1463 1476 1546 temporibus
1533 1480 1658 1526 non
1721 1463 1804 1526 sit

328 1561 568 1625 furiosis
597 1571 664 1624 et
692 1563 1086 1645 phreneticis
1113 1571 1258 1625 actu
1287 1560 1652 1625 amentibus
1682 1562 1804 1624 Eu·

329 1659 608 1722 charistia
637 1661 864 1734 danda,
901 1660 1022 1722 nisi
1065 1659 1275 1722 lucida
1313 1660 1589 1723 habeant
1618 1660 1807 1722 inter-

330 1757 499 1820 valla.
557 1759 733 1822 Unde
795 1758 860 1820 in
919 1759 1105 1822 tertia
1163 1766 1360 1841 parte,
1419 1759 1807 1839 octogesima

1911 781 2047 838 orat
2093 773 2273 848 illud,
2306 773 2659 838 secundum
2704 772 3153 855 Augustinum.

1991 873 2291 946 Quamvis
2321 880 2535 935 autem
2564 871 3100 934 Antisiodorensis
3131 871 3196 933 in
3229 870 3410 933 Sum-

1913 991 2016 1034 ma
2043 991 2179 1046 sua,
2213 970 2377 1035 libro
2408 979 2651 1054 quarm,
2677 970 2797 1034 ista
2825 971 3131 1034 concedat
3160 969 3224 1032 in
3256 987 3405 1031 casu

1911 1070 2259 1153 proposito,
2278 1069 2389 1132 ubi
2420 1077 2485 1132 et
2511 1069 2687 1132 addit
2714 1068 3186 1132 simulationem
3218 1067 3408 1130 talem

1911 1188 2051 1232 esse
2092 1169 2412 1243 inutilem,
2444 1169 2595 1251 quia
2635 1175 2930 1251 peccator
2966 1187 3227 1231 sumens
3256 1167 3405 1230 sim-

1909 1267 2146 1351 plicem
2178 1267 2448 1330 hostiam
2489 1287 2680 1350 quam
2722 1268 2925 1330 credit
2952 1273 3406 1340 consecratam,

1909 1373 2158 1430 tantum
2191 1374 2410 1450 peccat
2438 1385 2512 1430 ac
2542 1368 2596 1430 si
2626 1367 2944 1449 acciperet
2973 1366 3244 1429 hostiam
3276 1382 3411 1428 con·

1911 1473 2263 1544 secratam3
2296 1474 2509 1528 tamen
2540 1466 2763 1528 eodem
2806 1463 3087 1547 capitulo
3125 1463 3235 1526 ubi
3276 1463 3411 1526 haec

1913 1563 2160 1636 scribit,
2196 1563 2379 1646 quasi
2420 1563 2825 1646 propriorum
2867 1562 3209 1626 verborum
3254 1560 3413 1625 obli-

1914 1669 2038 1736 tuS‚
2071 1661 2229 1724 dicit
2256 1661 2419 1724 hanc
2457 1661 2784 1724 fictionem
2818 1661 2883 1723 in
2916 1680 3067 1722 casu
3098 1660 3295 1723 simili
3324 1659 3413 1721 fa-

1915 1760 2229 1822 ciendam.
2273 1760 2573 1833 Quamvis
2613 1759 2970 1841 (inquiens)
3012 1759 3253 1821 dictum
3305 1758 3409 1832 sit,

333 1858 684 1938 quaestione,
726 1857 959 1920 Doctor
1006 1855 1367 1919 communis
1415 1856 1503 1919 ita
1543 1875 1620 1919 ex
1660 1857 1804 1920 Car·
1839 1858 1886 1920 B
1916 1859 2083 1941 quod
2118 1858 2181 1920 in
2216 1865 2613 1921 sacramento
2644 1856 3055 1920 Eucharistiae
3092 1857 3270 1920 nulla
3309 1856 3413 1918 de-

258 1997 271 2010 .
333 1954 670 2036 thaginensi
721 1954 952 2037 allegat
989 1955 1260 2018 concilio
1307 1972 1322 2016 ε
1371 1954 1434 2018 Si
1484 1955 1630 2017 talis
1677 1973 1808 2016 cre-

333 2053 503 2115 datur
551 2052 726 2116 illico
777 2052 1148 2128 moriturus,
1199 2052 1648 2115 reconcilietur
1693 2071 1808 2134 per

335 2171 624 2214 manuum
673 2150 1174 2234 impositionem,
1225 2158 1288 2213 et
1332 2152 1428 2214 ori
1488 2151 1628 2232 ejus
1685 2150 1807 2212 Eu-

331 2251 609 2313 charistia
651 2249 1044 2313 infundatur.

400 2349 733 2422 Postremo,
785 2348 953 2410 sicut
1007 2347 1278 2411 Thomas
1337 2347 1416 2410 de
1463 2346 1808 2429 Argentina

331 2447 426 2509 hic
463 2447 675 2519 refert,
709 2446 971 2529 quidam
1011 2445 1332 2520 dixerunt,
1376 2445 1545 2528 quod
1590 2463 1809 2529 pecca-

331 2545 438 2608 tori
477 2545 725 2608 occulto
765 2545 1026 2626 indigno
1066 2544 1143 2607 ad
1186 2543 1650 2606 Eucharistiam
1696 2563 1808 2627 pu-

331 2643 484 2707 blice
520 2643 868 2717 accedenti,
903 2643 1108 2706 danda
1147 2643 1229 2704 sit
1267 2642 1663 2705 simulatorie
1701 2643 1808 2706 ho-

332 2742 443 2804 stia
477 2760 596 2805 non
637 2749 1025 2815 consecrata,
1059 2759 1141 2804 ne
1179 2741 1640 2804 scandalizetur
1677 2748 1804 2804 tam

336 2841 460 2922 ipse
496 2841 716 2904 videns
765 2839 890 2902 sibi
931 2840 1206 2903 hostiam
1248 2839 1570 2921 denegari,
1615 2859 1806 2922 quam

333 2939 434 3002 alii
469 2941 748 3003 videntes
791 2941 1001 3022 ipsum
1045 2939 1367 3003 contemni
1410 2957 1483 3001 ac
1522 2937 1811 3001 diffama-

1916 1956 2062 2019 beat
2093 1955 2418 2019 simulatio
2455 1973 2616 2030 esse,
2650 1962 2863 2018 tamen
2903 1955 2969 2017 in
3008 1954 3226 2036 aliquo
3260 1972 3413 2016 casu

1918 2073 2179 2118 necesse
2220 2061 2316 2117 est
2362 2053 2454 2116 ibi
2492 2053 2635 2116 fieri
2676 2052 3151 2116 simulationem
3189 2070 3204 2114 :
3249 2059 3321 2114 ut
3358 2051 3413 2114 si

1917 2153 2062 2235 quis
2112 2159 2285 2235 petat
2328 2151 2450 2216 sibi
2498 2151 2959 2215 Eucharistiam
3007 2150 3166 2225 dari,
3214 2159 3280 2214 et
3319 2169 3413 2213 sa-

1918 2252 2141 2314 cerdos
2188 2270 2265 2314 ex
2314 2249 2701 2333 negligentia
2748 2269 2863 2313 sua
2904 2249 3149 2313 nullam
3188 2249 3419 2312 habeat

1916 2349 2193 2412 hostiam
2252 2355 2706 2423 consecratam,
2768 2348 2877 2411 ille
2936 2366 3087 2411 vero
3142 2347 3420 2428 graviter

1919 2447 2379 2510 scandalizetur
2425 2446 2549 2509 nisi
2591 2445 2715 2509 sibi
2763 2446 2971 2510 hostia
3020 2464 3133 2509 seu
3180 2445 3420 2509 Eucha-

1918 2547 2097 2610 ristia
2126 2547 2333 2620 detur,
2352 2544 2541 2609 debet
2570 2544 2629 2607 ei
2663 2545 2954 2609 sacerdos
2986 2544 3258 2607 hostiam
3289 2561 3418 2606 non

1919 2652 2353 2708 consecratam
2388 2643 2711 2726 porrigere
2741 2650 2806 2705 et
2836 2640 3143 2705 conferre.
3178 2641 3307 2705 Nec
3335 2648 3419 2703 ta-

1919 2729 1997 2805 lis
2027 2741 2347 2805 simulatio
2376 2748 2475 2804 est
2503 2748 2851 2824 peccatum,
2867 2757 3065 2822 quum
3098 2739 3181 2803 sit
3208 2739 3415 2818 utilis;

1920 2841 2086 2903 sicut
2117 2840 2403 2903 Christus
2430 2839 2672 2901 utiliter
2703 2838 2892 2900 finxit
2921 2856 2989 2900 se
3020 2837 3268 2918 longius
3301 2836 3411 2899 ire.

1917 2974 1998 2983 —
2039 2939 2183 3001 Haec
2230 2935 2785 3000 AntisiodorensiS.
2836 2935 3032 3017 Cujus
3076 2934 3296 3017 opinio
3340 2953 3417 2997 ex

335 3039 408 3112 ri,
451 3047 510 3102 et
554 3057 632 3102 ne
681 3037 955 3102 hostiam
1015 3045 1446 3102 consecratam
1499 3037 1810 3099 sumendo
1843 3039 1887 3102 C
1922 3035 2199 3119 propriis
2244 3035 2385 3115 ejus
2428 3034 2615 3097 dictis
2660 3034 3031 3108 destruitur,
3062 3052 3183 3096 nec
3227 3033 3421 3095 simu-

335 3138 664 3220 graviorem
723 3138 1010 3201 incurrat
1067 3146 1335 3199 reatum.
1397 3136 1570 3199 Istud
1627 3135 1812 3217 (dicit

337 3236 431 3298 hic
469 3238 708 3317 doctor)
741 3236 1020 3319 pessime
1059 3236 1300 3298 dictum
1343 3242 1457 3297 est.
1503 3234 1812 3297 Similiter

337 3334 392 3396 S.
431 3334 688 3397 Thomas
739 3334 805 3396 in
853 3333 1042 3396 tertia
1089 3340 1268 3415 parte
1315 3333 1473 3395 dicit
1519 3333 1582 3394 id
1633 3332 1810 3394 nullo

339 3433 508 3495 modo
550 3432 887 3513 agendum.
934 3432 1108 3494 Idem
1158 3432 1381 3494 dicunt
1429 3432 1668 3504 Petrus,
1713 3430 1811 3493 Ri-

339 3531 610 3604 chardus‚
681 3529 920 3612 aliique
985 3530 1433 3592 communiter.
1493 3528 1812 3610 Additque

337 3628 534 3691 Petrus
567 3646 582 3690 t
614 3628 792 3691 Istud
836 3626 1015 3690 nullo
1056 3628 1244 3690 modo
1281 3634 1378 3689 est
1420 3625 1807 3699 faciendum,

339 3728 472 3809 quia
511 3735 580 3789 ut
620 3726 778 3789 dicit
821 3724 1228 3788 Innocentius
1268 3726 1370 3800 III,
1413 3734 1606 3785 eoetra
1649 3723 1810 3785 libro

339 3827 506 3889 tertio
541 3826 619 3888 de
659 3823 1098 3889 celebratione
1131 3824 1487 3898 Missarum‚
1530 3822 1810 3905 capitulo

338 3924 415 3987 De
441 3924 714 3997 homine,
747 3922 1124 4003 Abjicienda
1154 3928 1305 3984 sunt
1334 3920 1489 3984 falsa
1531 3921 1812 3984 remedia

337 4022 485 4085 veris
527 4020 832 4105 periculis
875 4020 1183 4101 graviora.
1226 4020 1413 4082 Nulla
1450 4020 1622 4083 enim
1664 4018 1809 4081 fieri

1922 3135 2073 3198 latio
2119 3134 2227 3197 illa
2284 3142 2381 3197 est
2429 3134 2628 3209 utilis,
2680 3134 2791 3197 sed
2849 3133 3077 3197 nociva
3133 3140 3263 3195 tam
3323 3151 3419 3196 sa-

1921 3232 2160 3296 cerdoti
2206 3252 2399 3315 quam
2444 3233 2847 3315 parochiano.
2898 3231 3202 3295 Sacerdos
3244 3230 3419 3294 enim

1922 3338 2136 3416 posset
2175 3332 2543 3394 scandalum
2586 3331 2826 3394 subditi
2858 3330 3173 3410 mitigare,
3205 3329 3420 3393 dicen·

1920 3432 2000 3493 do
2035 3449 2050 3492 ε
2083 3432 2153 3493 In
2187 3430 2309 3494 isto
2338 3448 2489 3493 casu
2520 3447 2648 3512 quo
2678 3429 2951 3492 hostiam
2983 3434 3416 3492 consecratam

1920 3548 2046 3592 non
2092 3528 2319 3603 habeo,
2353 3527 2599 3590 sufficit
2640 3527 2759 3589 tibi
2804 3527 2971 3590 bona
3014 3534 3079 3590 et
3122 3532 3418 3608 prompta

1919 3627 2212 3690 voluntas
2242 3644 2317 3688 ac
2351 3625 2751 3689 manducatio
2782 3624 3167 3707 spiritualis3
3198 3632 3263 3686 et
3291 3642 3421 3686 cre-

1919 3725 1998 3788 de
2035 3724 2390 3805 Augustino
2429 3722 2689 3797 dicenti,
2725 3723 2942 3797 Crede,
2973 3730 3038 3783 et
3078 3721 3418 3784 manduca-

1919 3824 2020 3886 sti.
2046 3824 2156 3885 Est
2184 3840 2438 3905 quoque
2468 3821 2694 3883 nociva
2723 3818 3253 3903 parochiano‚qui
3284 3837 3420 3900 gra-

1919 3921 2063 3984 vius
2103 3927 2327 4003 peccat
2362 3917 2821 3982 idololatrando
2868 3936 3061 4000 quam
3108 3916 3417 3979 scandali-

1920 4021 2138 4082 zando,
2182 4020 2259 4081 Et
2289 4018 2341 4081 si
2373 4018 2641 4091 dicatur,
2675 4018 2844 4099 quod
2878 4014 3231 4097 ignorantia
3266 4014 3417 4077 facti

3472 2863 3579 2908 Luc.
3596 2875 3711 2914 xxiv,

3446 2929 3515 2971 28.

335 4120 504 4183 debet
546 4120 728 4183 fictio
771 4119 836 4181 in
882 4119 1298 4183 sacramentis
1342 4119 1649 4193 veritatis,
1693 4138 1812 4182 nec
1920 4137 2069 4181 eum
2099 4124 2391 4196 excuset3
2419 4115 2973 4198 dicendum‚quod
3006 4129 3132 4176 non
3165 4112 3419 4195 penitus

335 4218 502 4282 debet
529 4219 716 4283 alicui
748 4218 884 4282 dari
917 4218 1357 4282 idololatrandi
1391 4218 1815 4299 occasi0,quo·
1843 4218 1892 4279 D
1921 4224 2282 4290 excusatur,
2315 4235 2515 4298 quum
2560 4215 2925 4298 importune
2966 4230 3034 4275 se
3077 4211 3321 4274 habeat.

1316 4526 2223 4640 DISTINCTIO
2328 4526 2419 4636 X

329 4768 397 4831 A.
415 4774 510 4834 De
531 4774 801 4837 hoeresi
823 4773 1154 4834 aliorum
1177 4772 1304 4846 qui
1331 4770 1582 4833 dicunt
1603 4783 1871 4843 corpu-s·
1896 4769 2170 4831 Christi
2193 4782 2341 4831 non
2370 4780 2525 4830 esse
2550 4770 2630 4829 in
2653 4768 2893 4829 altari
2910 4768 3061 4830 nisi
3083 4769 3161 4829 in
3180 4768 3412 4843 siano,

560 5082 760 5164 juxta
795 5080 1068 5145 modum
1109 5079 1509 5144 naturalium
1557 5096 1776 5143 rerum
1824 5079 2193 5159 metienteS,
2225 5077 2538 5142 audacius
2573 5094 2649 5139 ac
2684 5075 3119 5158 periculosius
3154 5076 3415 5140 veritati
3442 5046 3707 5161 {⁰1:03⁸}an

568 5198 1047 5278 contradicunt,
1083 5198 1446 5263 asserentes
1482 5194 1551 5258 in
1588 5194 1777 5257 altari
1814 5210 1947 5257 non
1985 5210 2127 5257 esse
2167 5209 2403 5274 corpus
2435 5190 2677 5255 Christi
2714 5190 2819 5254 vel
2856 5190 3267 5271 sanguinem,
3298 5208 3419 5255 nec

338 5314 760 5381 substantiam
807 5314 1000 5397 panis
1048 5313 1154 5378 vel
1208 5312 1346 5375 vini
1402 5312 1471 5375 in
1527 5310 1962 5376 substantiam
2019 5308 2232 5373 carnis
2286 5309 2351 5373 et
2400 5306 2742 5389 sanguinis
2795 5307 3110 5388 converti,
3158 5306 3275 5371 sed
3329 5307 3422 5371 ita

350 4962 720 5268 SUNT
775 4967 936 5031 item
999 4966 1114 5029 alii
1179 4964 1690 5047 praecedentium
1756 4964 2079 5028 insaniam
2136 4962 2687 5042 transcendenteS,
2746 4962 2862 5043 qui
2922 4960 3044 5025 Dei
3099 4960 3409 5025 virtutem
3442 4982 3713 5040 augasm-
