4267 6250
841 491 924 558 2⁰
1602 511 1879 558 arn-mm
1918 509 2387 559 msrmcnomnr
2427 510 2588 559 mnu
2629 512 2692 559 tv
2732 511 3198 560 sauram-unua

841 683 900 738 et
934 697 1084 738 uxor
1117 680 1242 756 ejus
1287 647 1411 739 unas
1447 697 1583 739 caro
1625 679 1918 741 dicuntur.
1949 681 2042 740 Sic
2079 699 2219 755 ergo
2253 680 2344 738 vir
2372 679 2425 744 A
2449 699 2517 740 ve
2544 685 2679 741 ante
2706 683 2795 742 vel
2824 687 2954 756 post
2979 679 3387 757 cognationem
3424 679 3788 755 spiritualem
3829 681 3951 739 nati

843 773 902 826 et
935 787 1100 828 soror
1139 771 1338 830 uxoris
1375 771 1501 845 eJ‘us
1542 775 1680 829 sunt
1715 771 1774 828 in
1813 771 2006 845 primo
2043 771 2344 828 affinitatis

844 862 1047 932 gradu,
1089 860 1194 917 filii
1233 877 1370 918 vero
1411 862 1611 919 uxoris
1650 862 1710 918 in
1752 865 2008 919 secundo
2050 864 2255 935 gradu,
2287 864 2345 918 et

839 949 926 1005 sic
953 953 1391 1022 consequenter.
1420 952 1490 1006 Et
1517 950 1618 1006 illa
1645 951 1786 1007 olim
1828 950 2131 1024 impedivit
2156 966 2342 1024 usquc

837 1041 918 1096 ad
945 1040 1262 1112 septimum
1301 1042 1584 1114 gradum;
1616 1041 1788 1097 hodie
1815 1058 1950 1098 vero
1977 1043 2209 1098 tantum
2249 1058 2343 1097 us-

841 1145 952 1200 que
997 1131 1073 1185 ad
1119 1132 1396 1203 quartum
1445 1132 1694 1204 gradum
1743 1129 2024 1188 inclusive
2069 1129 2336 1202 impedit,

842 1218 1214 1276 modificante
1261 1219 1385 1276 hoec
1429 1219 1701 1276 Ecclesia.
1741 1221 1931 1276 Manet
1966 1223 2163 1276 autem
2213 1219 2341 1291 ipsa

838 1307 1108 1372 affinitas,
1139 1308 1316 1364 etiam
1356 1308 1724 1366 Matrimonio
1764 1312 2121 1374 transeunte,
2154 1309 2237 1365 ita
2276 1310 2343 1365 ut

839 1395 1122 1468 impediat
1148 1400 1480 1455 contractus
1509 1397 1829 1471 prohibitos
1858 1414 2021 1471 aeque
2050 1398 2200 1455 sicut
2228 1397 2343 1470 pri·

836 1503 925 1550 us,
957 1504 1023 1544 eo
1062 1489 1220 1560 quod
1252 1487 1340 1544 vir
1376 1491 1435 1545 et
1470 1487 1700 1552 m'ulier,
1723 1489 1896 1561 juxta
1933 1487 2177 1544 verbum
2216 1487 2335 1553 Dei,

835 1579 975 1634 sunt
1018 1579 1133 1635 duo
1175 1576 1236 1632 in
1280 1593 1452 1634 carne
1491 1593 1628 1634 una.
1659 1578 1820 1634 Unde
1861 1579 1919 1634 et
1957 1580 2161 1634 contra
2198 1593 2341 1648 proe-

837 1662 992 1722 dicta
1047 1664 1385 1739 conjunctos
1428 1664 1684 1722 Ecclesia
1729 1667 1976 1737 separat.
2033 1665 2092 1721 Si
2136 1666 2338 1721 tamen

834 1753 1175 1828 ignoranter
1199 1754 1495 1828 conjuncti
1524 1753 1778 1818 fuerunt,
1809 1753 1916 1811 filii
1955 1771 2161 1812 eorum
2199 1753 2340 1826 legi-

2452 771 2570 828 sint
2607 788 2622 828 ε
2660 777 2719 830 et
2760 773 2870 830 hoc
2905 774 3099 845 quoad
3138 788 3235 829 eos
3273 788 3376 845 per
3410 788 3557 844 quos
3602 773 3679 828 ad
3715 787 3953 844 compa-

2451 861 2785 918 ternitatem
2814 863 3127 920 deventum
3156 865 3261 929 est,
3284 863 3356 919 de
3384 859 3515 918 aliis
3540 877 3725 919 secus.
3756 861 3953 934 Neque

2450 967 2584 1008 vero
2611 951 2811 1008 uxoris
2844 967 2967 1008 suae
2994 953 3377 1008 commatrem
3418 949 3632 1023 aliquis
3670 953 3799 1023 post
3826 950 3953 1023 eJ‘us

2454 1042 2702 1096 mortem
2733 1042 2944 1098 ducere
2971 1043 3177 1113 potest.
3189 1041 3305 1098 Nec
3327 1039 3416 1096 vir
3440 1042 3497 1098 et
3524 1056 3674 1096 uxor
3702 1056 3949 1112 puerum

2450 1129 2631 1186 simul
2668 1129 2857 1188 levare
2886 1131 3117 1187 debent.
3148 1130 3257 1186 Per
3293 1129 3417 1186 haec
3454 1127 3650 1187 autem
3692 1128 3951 1202 bigamia

2450 1219 2537 1276 vel
2565 1220 2843 1293 trigamia
2868 1221 3207 1276 damnanda
3235 1236 3351 1276 non
3380 1222 3483 1284 est,
3506 1218 3774 1292 quamvis
3802 1234 3839 1275 a
3864 1235 3953 1274 sa·

2451 1309 2708 1366 cerdotio
2747 1309 3071 1382 prohibeat.

2449 1425 2573 1476 Non
2600 1427 2717 1477 tam
2748 1439 2899 1490 saepe
2928 1427 3082 1476 vetat
3106 1425 3409 1477 nubentem
3438 1423 3669 1489 agnatio
3694 1421 3906 1485 carnis,

2511 1498 2757 1563 Mystica
2785 1496 2919 1564 quin
2950 1496 3127 1550 multo
3162 1497 3371 1562 saepius
3400 1495 3539 1548 illud
3562 1499 3715 1562 agat.

2864 1694 3288 1759 DISTINCTIO
3331 1694 3532 1758 XLIII.

831 1844 963 1901 timi
991 1847 1356 1917 reputantur,
1388 1845 1723 1902 Notandum
1755 1847 1952 1901 autem
1983 1845 2159 1918 juxta
2189 1843 2333 1908 haec,
2372 1842 2419 1905 Β
2446 1827 2768 1893 Postremo
2798 1831 2876 1893 de
2908 1830 3273 1894 conditione
3302 1827 3803 1904 resurrectionis,
3818 1836 3943 1893 etc.

833 1935 990 2008 quod
1035 1935 1172 1992 licet
1215 1933 1522 1992 fornicatio
1578 1935 1654 1990 sit
1698 1934 1894 1992 omnis
1939 1934 2126 1990 coitus
2170 1937 2337 1991 extra

833 2025 1163 2097 conjugem,
1193 2022 1524 2097 specialiter
1561 2028 1762 2081 tamen
1805 2026 1894 2080 est
1933 2023 2333 2087 meretricum,

830 2112 1140 2170 viduarum
1171 2116 1228 2170 et
1255 2112 1735 2170 concubinarum.
1767 2114 2047 2185 Stuprum
2076 2128 2211 2169 vero
2250 2114 2336 2168 est

829 2201 1126 2276 virginum
1157 2203 1458 2260 defloratio
1487 2202 1708 2259 illicita.
1740 2201 2129 2268 Adulterium,
2158 2201 2332 2259 alieni

829 2292 942 2348 tori
986 2291 1240 2349 violati0.
1293 2293 1567 2356 Incestus,
1619 2291 2194 2364 consanguinearum
2243 2291 2331 2348 vel

829 2381 1096 2440 affinium
1134 2383 1370 2440 abusus.
1399 2383 1617 2454 Raptus
1657 2385 1875 2448 autem,
1907 2381 2157 2439 violenta
2196 2384 2334 2439 edu-

831 2470 944 2526 ctio
983 2471 1190 2544 puellae
1216 2474 1288 2528 de
1318 2473 1494 2529 domo
1534 2471 1734 2543 patris,
1767 2475 1832 2527 ut
1859 2487 1926 2528 ea
1955 2473 2229 2542 corrupta
2268 2470 2329 2526 in

828 2577 1073 2618 uxorem
1121 2561 1420 2625 habeatur,
1461 2561 1580 2618 sive
1623 2561 1753 2633 ipsi,
1799 2561 1917 2618 sive
1960 2561 2185 2633 parenti
2228 2560 2329 2616 illa

827 2649 931 2706 fiat
971 2649 1246 2707 violentia
1283 2668 1298 2706 ε
1339 2651 1496 2722 quod
1541 2649 1779 2723 quidem
1829 2653 2017 2707 morte
2063 2649 2322 2721 punitur,

827 2739 940 2795 nisi
977 2756 1080 2811 per
1113 2738 1452 2812 confugium
1493 2740 1568 2795 ad
1602 2738 1919 2796 Ecclesiam
1962 2742 2160 2811 raptor
2194 2755 2326 2795 eva-

825 2831 942 2886 dat.
959 2831 1107 2887 Sunt
1129 2846 1358 2904 quoque
1391 2831 1647 2885 notanda
1674 2831 1945 2902 quasdam
1977 2829 2219 2884 nomina
2246 2830 2323 2885 ad

825 2919 951 2976 hoec
993 2919 1361 2991 pertinentia,
1401 2918 1622 2974 scilicet
1662 2916 1940 2983 fratrissa,
1979 2917 2141 2982 levir,
2171 2917 2324 2991 jani-

2570 2025 2787 2082 ULLUS
2817 2024 3079 2083 fidelium
3112 2027 3380 2084 dubitare
3407 2025 3783 2100 permittitur,
3816 2042 3943 2082 om-

2596 2129 2699 2170 nes
2736 2113 2837 2187 qui
2874 2117 2933 2171 et
2968 2114 3089 2171 nati
3127 2117 3267 2172 sunt
3301 2117 3359 2172 et
3395 2118 3726 2179 nascentur,
3756 2116 3815 2172 et
3842 2115 3942 2187 qui

2446 2202 2663 2259 mortui
2704 2207 2844 2260 sunt
2888 2207 2947 2261 et
2992 2203 3337 2270 morientur,
3378 2203 3579 2260 divina
3622 2203 3834 2262 virtute
3882 2204 3945 2259 in

2446 2292 2538 2349 die
2558 2293 2877 2350 novissimo
2898 2297 3328 2351 resurrecturos
3355 2296 3434 2352 ad
3462 2295 3664 2352 tubam
3686 2293 3903 2350 Christi
3928 2311 3943 2352 :

2442 2399 2545 2454 per
2584 2399 2763 2456 quam
2805 2382 3047 2456 aliquod
3088 2382 3325 2440 evidens
3378 2386 3438 2440 et
3480 2383 3828 2455 proeclarum
3867 2383 3945 2438 si-

2441 2487 2625 2544 gnum
2664 2471 3011 2546 intelligitur
3029 2490 3045 2539 ;
3084 2475 3141 2529 et
3177 2475 3529 2547 quandoque
3554 2489 3664 2528 vox
3693 2471 3783 2530 vel
3810 2472 3943 2528 Filii

2440 2561 2539 2618 Dei
2569 2562 2658 2618 vel
2686 2562 3025 2635 archangeli
3057 2562 3403 2635 appellatur.
3434 2563 3559 2620 Fiet
3593 2564 3791 2619 autem
3830 2563 3943 2619 hoc

2440 2650 2637 2706 media
2674 2654 2859 2713 nocte.
2891 2667 3011 2708 non
3040 2653 3235 2725 quoad
3261 2653 3514 2724 tempus,
3546 2653 3647 2708 sed
3677 2650 3817 2724 quia
3844 2668 3941 2708 oc-

2438 2739 2859 2812 culte,quando
2887 2739 3109 2797 scilicet
3135 2756 3252 2796 non
3282 2742 3523 2812 putatur
3533 2757 3550 2808 ;
3568 2742 3626 2797 et
3646 2740 3943 2797 conscien-

2434 2829 2651 2886 tiarum
2682 2829 2815 2886 libri
2835 2829 3171 2902 aperientur
3192 2847 3205 2886 ε
3229 2832 3387 2903 quod
3407 2832 3605 2886 tamen
3630 2830 3799 2886 bonis
3820 2847 3937 2887 non

2432 2920 2509 2975 ad
2536 2919 2835 2976 tristitiam
2866 2922 3047 2986 cedet,
3080 2920 3181 2976 sed
3211 2920 3493 2992 gaudium
3524 2924 3583 2977 et
3610 2919 3936 2992 gratiarum

821 3007 936 3064 trix
961 3011 1044 3075 ‚et
1089 3007 1214 3081 glos
1253 3025 1267 3065 :
1305 3023 1438 3080 quae
1482 3007 1626 3080 quid
1672 3007 2019 3080 significent,
2059 3009 2217 3080 patet
2257 3006 2318 3063 in
2358 3004 2402 3069 C
2433 3007 2743 3065 actionem.
2786 3011 3047 3075 Quorum
3094 3009 3271 3066 etiam
3320 3011 3557 3082 peccata
3606 3025 3710 3082 per
3752 3009 3938 3082 poeni-

819 3099 1001 3156 textu.

819 3213 983 3272 Quod
1007 3214 1104 3278 jus
1133 3218 1407 3278 cognatos
1439 3213 1652 3265 inhibet
1678 3180 2001 3265 connectier
2027 3228 2144 3265 una

880 3286 1170 3349 Legitime,
1202 3286 1400 3337 affines
1431 3286 1603 3338 nectit
1631 3286 1778 3336 idem
1811 3285 2055 3337 minime.

1247 3482 1674 3548 DISTINCTIO
1717 3482 1892 3547 XLII.

877 3615 968 3682 De
1011 3618 1433 3701 parentalium
1477 3619 1792 3700 graduum
1835 3617 2099 3694 famosa,
2140 3626 2260 3681 etc.

1026 3816 1073 3871 R
1109 3832 1180 3872 ea
1213 3831 1344 3888 quoe
1373 3813 1812 3873 Matrimonium
1854 3814 2203 3887 impediunt,
2234 3817 2322 3871 est

917 3906 1093 3963 etiam
1150 3903 1470 3977 spiritualis
1517 3903 1784 3978 cognatio
1833 3921 1936 3961 seu
1984 3904 2322 3978 propinqui-

819 3998 928 4063 tas,
973 4011 1104 4068 quae
1147 3993 1370 4051 scilicet
1414 3996 1502 4051 est
1545 3994 1701 4051 inter
1743 3997 2107 4065 compatrem
2156 3992 2318 4065 pueri

821 4083 1116 4142 carnalem
1155 4086 1213 4141 et
1241 4086 1626 4140 commatrem
1663 4081 2048 4155 spiritualem,
2080 4086 2139 4138 et
2170 4082 2323 4139 inter

2432 3097 2676 3155 tentiam
2722 3098 2819 3155 hic
2859 3099 3063 3164 deleta,
3094 3101 3421 3157 secundum
3462 3101 3721 3157 mentem
3758 3098 3938 3174 Magi-

2432 3188 2556 3253 stri,
2586 3188 2717 3245 aliis
2756 3204 2871 3246 non
2914 3190 3220 3261 patebunt;
3250 3191 3355 3246 sed
3384 3188 3677 3245 malorum
3716 3189 3937 3246 scelera

2432 3277 2709 3334 omnibus
2746 3278 2887 3335 fient
2924 3278 3255 3335 manifesta.
3286 3280 3375 3334 An
3412 3294 3547 3335 vero
3586 3276 3769 3351 aliqui
3806 3278 3935 3336 sine

2434 3370 2621 3423 morte
2651 3367 2845 3425 media
2870 3369 2947 3424 ad
2976 3367 3272 3441 judicium
3301 3366 3529 3424 venturi
3558 3366 3693 3433 sint,
3724 3384 3935 3441 quam·

2432 3456 2517 3512 vis
2574 3456 2821 3515 dubium
2876 3456 3159 3523 videatur,
3217 3474 3352 3529 pars
3405 3459 3605 3513 tamen
3666 3457 3937 3529 negativa

2432 3546 2747 3619 scripturis
2784 3547 2974 3619 magis
3011 3550 3255 3619 apparet
3290 3546 3625 3603 conformis.
3657 3547 3936 3612 Quamvis

2431 3636 2608 3692 etiam
2639 3652 2845 3693 omnes
2873 3639 3181 3709 resurgent
3208 3634 3549 3708 incorrupti,
3580 3635 3720 3708 quia
3746 3652 3936 3692 mem·

2432 3725 2552 3782 bris
2588 3725 2833 3799 integri;
2874 3742 2991 3782 non
3034 3728 3233 3783 tamen
3274 3741 3479 3782 omnes
3522 3723 3935 3797 impassibiles,

2432 3816 2571 3889 quia
2608 3816 2717 3873 hoc
2755 3814 2905 3872 fallit
2942 3815 3003 3871 in
3044 3814 3359 3872 damnatis.

2432 3930 2705 3982 Mortales
2733 3944 2950 3991 omnes,
2982 3935 3292 3996 proesentes
3321 3933 3491 3996 atque
3522 3930 3767 3992 futuros,

2494 4003 2563 4053 Et
2592 4017 2736 4068 quos
2762 4002 3098 4068 ,iampridem
3130 4003 3282 4054 foeda
3311 4002 3573 4067 sepulcra
3599 4004 3811 4063 tenent,

2434 4074 2642 4126 Ultima
2663 4074 2862 4138 judicii
2894 4077 3197 4139 surgentes
3226 4074 3367 4126 hora.
3396 4072 3623 4134 videbit,

819 4190 918 4231 eos
955 4189 1207 4246 quorum
1250 4188 1404 4229 unus
1447 4172 1696 4229 alterum
1737 4173 1807 4228 de
1844 4188 2010 4228 sacro
2047 4170 2204 4228 fonte
2242 4171 2321 4228 le·
2351 4166 2402 4229 D
2494 4148 2734 4199 Lamr⁰⁸
2764 4147 2931 4198 factm
2959 4146 3191 4213 praemia
3218 4146 3388 4211 digna
3417 4145 3556 4198 ⁸⁰5⁸·

818 4262 990 4327 vavit,
1021 4265 1124 4319 aut
1161 4262 1220 4317 in
1260 4261 1715 4319 catechizatione
1751 4261 1840 4318 vel
1869 4261 2321 4319 Confirmatione

819 4350 1026 4416 tenuit,
1056 4367 1126 4407 ac
1160 4350 1341 4408 etiam
1385 4350 1535 4407 inter
1573 4349 1722 4406 filios
1760 4349 2023 4407 carnales
2058 4354 2117 4407 et
2152 4349 2321 4424 spiri-

819 4440 1007 4498 tuales
1034 4441 1301 4514 ejusdem
1329 4438 1606 4496 hominis.
1637 4440 1771 4496 Hoec
1796 4455 1936 4512 ergo
1963 4438 2320 4497 Matrimoni-

819 4548 925 4589 um
955 4528 1308 4602 impedit:et
1333 4528 1382 4584 si
1411 4528 1556 4585 tales
1585 4527 1804 4585 fuerint
1821 4528 2032 4602 juncti,
2047 4546 2319 4602 separan-

822 4620 881 4678 di
903 4622 1057 4677 sunt.
1072 4620 1132 4675 Si
1149 4622 1348 4676 tamen
1379 4622 1510 4691 post
1529 4618 1861 4691 legitimum
1881 4618 2319 4675 Matrimonium

818 4709 1031 4781 aliquis
1067 4711 1135 4766 ut
1155 4709 1228 4765 ab
1258 4725 1436 4766 uxore
1465 4709 1722 4781 separari
1762 4714 1970 4782 posset,
2003 4708 2191 4765 tilium
2228 4726 2322 4765 su-

817 4814 920 4857 um
952 4798 1167 4854 levaret
1193 4797 1281 4853 vel
1319 4797 1653 4870 baptizaret,
1685 4816 1790 4870 per
1819 4799 1928 4854 hoc
1955 4800 2317 4870 separandus

817 4904 935 4944 non
983 4890 1087 4952 est,
1132 4888 1235 4943 sed
1281 4886 1682 4958 poenitentiam
1731 4891 1882 4959 agat.
1932 4887 2317 4945 Auctoritates

813 4993 948 5034 vero
978 4992 1110 5049 quoe
1137 4992 1272 5051 eum
1313 4979 1706 5048 separandum
1741 4976 1961 5041 dicunt,
1994 4974 2319 5049 intelligen-

816 5068 906 5124 ‹1oe
933 5068 1072 5124 sunt
1099 5068 1170 5123 de
1197 5065 1288 5121 his
1317 5066 1417 5138 qui
1448 5066 1598 5123 filios
1632 5084 1766 5123 suos
1793 5066 1988 5123 levant
2013 5068 2151 5121 ante
2179 5082 2315 5122 con·

813 5160 1066 5213 tractum
1117 5156 1494 5229 conjugium;
1536 5157 1626 5213 vel
1673 5156 1862 5214 solum
1911 5155 1987 5212 ad
2031 5158 2313 5213 terrorem

815 5245 1151 5318 loquuntur.
1189 5244 1321 5300 Filii
1364 5262 1594 5319 quoque
1636 5246 1886 5319 alicujtis
1933 5243 2217 5302 naturalis
2260 5247 2317 5302 et

815 5332 1135 5407 spiritualis
1169 5332 1538 5392 Matrimonio
1567 5334 1740 5408 jungi
1783 5350 1899 5391 non
1938 5335 2199 5406 possunt,
2241 5334 2317 5391 si-

2847 4354 3273 4418 DISTINCTIO
3313 4353 3514 4419 XLIV.

2482 4500 2697 4564 Solent
2739 4507 2953 4562 autem
2996 4499 3288 4561 nonnulli
3334 4498 3716 4582 percontari,
3756 4508 3877 4564 etc.

2500 4708 2548 4764 N
2596 4706 2846 4779 perfecta
2891 4705 3131 4779 quidem
3180 4707 3365 4771 oetate,
3405 4705 3626 4763 scilicet
3661 4706 3931 4779 juvenili,

2526 4813 2731 4854 omnes
2762 4796 3029 4853 homines
3056 4796 3277 4868 absque
3307 4794 3485 4853 dubio
3512 4799 3836 4869 resurgent.
3860 4799 3934 4853 At

2430 4902 2547 4944 non
2578 4886 2639 4942 in
2666 4887 2871 4943 eadem
2902 4888 3143 4949 statura,
3158 4886 3261 4941 sed
3293 4883 3352 4940 in
3382 4902 3452 4941 ea
3480 4884 3739 4957 quilibet,
3754 4902 3929 4958 quam

2427 4977 2517 5033 vel
2554 4975 2759 5033 habuit
2784 4974 2872 5031 vel
2910 4974 3223 5039 habuisset,
3257 4973 3303 5029 si
3334 4977 3411 5032 ad
3441 4973 3776 5047 perfectam,
3810 4991 3929 5031 non

2428 5065 2745 5138 impeditus
2783 5064 3134 5137 pervenisset
3162 5067 3415 5121 aetatem.
3448 5065 3667 5121 Omnes
3694 5081 3929 5137 quoque

2428 5156 2773 5229 generaliter
2808 5157 3114 5227 resurgent
3144 5154 3420 5212 omnibus
3456 5154 3739 5212 membris
3779 5154 3927 5211 inte·

2426 5246 2535 5319 gri,
2573 5262 2942 5318 quocumque
2984 5245 3231 5301 materia
3270 5261 3582 5317 corporum
3629 5244 3792 5317 prius
3833 5243 3925 5303 fu·

2426 5334 2536 5393 erit
2590 5335 2869 5408 dispersa,
2928 5334 3009 5390 ita
3062 5333 3330 5391 videlicet
3382 5336 3449 5391 ut
3498 5336 3621 5391 tota
3672 5333 3919 5396 humani
