4267 6250
604 4105 868 4158 nemum-1.

636 5185 755 5229 [bid.
778 5199 863 5239 xix,

600 5251 686 5294 2-5.

917 454 998 521 92

1596 472 1663 519 m
1702 472 1926 519 Lumo!
1968 472 2029 518 IV
2070 471 2554 519 SENTENTnRun.
2594 490 2676 501 —
2714 474 2869 521 msr.
2911 474 2996 537 113
3039 474 3265 531 QUAEST.
3303 476 3346 521 V

916 644 1321 728 baptismate,
1372 651 1554 706 erant
1610 642 2040 726 rebaptizandi
2088 642 2413 725 Baptismo
2441 636 2626 717 Alis,
2657 641 2878 725 Neque
2921 643 2973 705 si
3017 644 3290 726 Spiritus
3335 644 3602 709 Sanctus
3641 654 3739 710 est
3780 647 4018 710 audivi-

918 744 1176 819 Christi‚
1210 750 1281 805 ut
1317 750 1491 825 patet
1528 742 1595 805 in
1635 742 1845 805 littera
1877 759 1893 804 ε
1926 759 2076 823 ergo
2114 758 2234 803 nec
2276 759 2412 823 gra-

914 843 1073 905 tiam
1115 840 1499 905 continebat.

994 1038 1173 1103 Circa
1213 1038 1347 1101 haec
1386 1036 1611 1099 scribit
1648 1035 2186 1099 Antisiodorensis
2220 1053 2236 1097 ε
2269 1035 2412 1099 Pro-

912 1138 1099 1201 batur
1141 1138 1310 1220 quod
1355 1136 1714 1219 baptismus
1754 1136 2013 1199 Joannis
2070 1135 2156 1198 sit
2211 1154 2413 1197 sacra·

912 1244 1210 1300 mentum.
1228 1235 1337 1298 Est
1366 1236 1539 1298 enim
1570 1253 1763 1297 sacrae
1794 1233 1884 1296 rei
1912 1233 2182 1315 signum,
2198 1241 2414 1316 utpote

912 1334 1307 1418 purgationis
1353 1332 1691 1396 interioris.
1728 1331 1848 1395 Sed
1893 1339 2111 1396 contra
2153 1332 2273 1395 hoc
2318 1350 2412 1393 ar-

910 1434 1020 1516 gui
1070 1440 1297 1515 potest,
1351 1432 1651 1514 quoniam
1705 1449 1896 1494 omne
1942 1438 2410 1494 sacramentum

910 1539 1007 1595 est
1034 1531 1307 1613 alicujus
1340 1530 1495 1611 legis
1524 1536 2033 1592 sacramentum:
2058 1548 2411 1591 sacramen-

909 1637 1047 1693 tum
1098 1647 1248 1692 vero
1302 1628 1561 1692 Joannis
1610 1646 1730 1690 nec
1787 1634 2256 1690 sacramentum
2313 1633 2410 1689 est

908 1746 1088 1792 novae
1137 1727 1317 1810 legiS,
1367 1726 1519 1808 quia
1558 1726 1825 1807 gratiam
1870 1744 1997 1789 non
2041 1724 2411 1789 continebat

2523 758 2690 815 muS,
2719 740 2914 822 jussit
2949 760 3058 805 eos
3097 742 3424 825 baptizari.
3459 744 3549 806 Ex
3583 763 3710 827 quo
3746 746 4016 821 videtur,

2522 838 2691 920 quod
2734 838 3032 922 baptizati
3074 840 3393 924 baptismo
3419 842 3697 917 Joannis,
3731 862 3860 907 non
3891 863 4020 907 cre-

2523 937 2746 1000 dentes
2776 938 3076 1021 explicite
3107 939 3174 1001 in
3205 940 3515 1022 Spiritum
3547 942 3872 1015 Sanctum,
3895 943 4022 1006 sint

2522 1035 2914 1118 rebaptizati.
2948 1036 3206 1119 Legitur
3239 1039 3392 1101 item
3433 1039 3498 1101 in
3527 1040 3816 1115 ActibuS,
3849 1044 4016 1123 quod

2521 1134 2739 1197 Petrus
2769 1142 2834 1197 et
2865 1134 3135 1199 Ioannes
3175 1135 3622 1219 imposuerunt
3659 1157 3887 1202 manus
3917 1160 4016 1203 su-

2522 1251 2636 1316 per
2665 1232 3014 1315 baptizatos
3045 1234 3112 1296 in
3143 1236 3402 1298 nomine
3431 1236 3684 1299 Domini
3711 1238 3882 1310 Iesu,
3907 1238 4015 1300 ubi

2523 1330 2806 1413 loquitur
2841 1331 3060 1396 Glossa
3093 1350 3107 1394 :
3141 1334 3346 1395 Tincti
3385 1352 3571 1416 aqua,
3601 1352 3732 1398 non
3769 1336 4017 1398 inuncti

2521 1430 2762 1512 Spiritu
2812 1431 3058 1494 Sancto.
3095 1431 3325 1513 Sicque
3374 1431 3675 1515 baptizati
3721 1433 4021 1497 videntur

2520 1527 2840 1610 baptismo
2895 1529 3174 1605 Joannis,
3225 1536 3291 1592 et
3345 1530 3438 1594 sic
3494 1531 3604 1595 ille
3660 1531 4016 1614 baptismus

2519 1633 2583 1688 et
2623 1627 2946 1709 impositio
2987 1646 3214 1691 manus
3254 1629 3750 1712 aequipollebant
3783 1630 4018 1695 Christi

2519 1724 2860 1807 Baptismo.
2894 1726 3130 1788 Verum
3175 1728 3528 1790 secundum
3575 1727 3665 1791 ita
3705 1729 4014 1802 dicenteS‚

906 1845 1025 1889 nec
1055 1825 1414 1904 tribuebat3
1446 1842 1565 1887 nec
1586 1823 1819 1887 veteris
1851 1823 2030 1905 legis,
2055 1822 2208 1906 quia
2238 1822 2304 1884 in
2334 1840 2408 1885 ea
2443 1820 2492 1882 B
2518 1830 2770 1906 oportet
2815 1823 3208 1906 distinguere
3255 1825 3578 1907 duplicem
3628 1844 3854 1890 manus
3905 1828 4020 1890 im-

907 1924 1086 1988 nulla
1118 1924 1357 1987 mentio
1385 1930 1481 1985 est
1508 1923 1587 1985 de
1617 1941 1709 1985 eo.
1744 1922 1838 1984 Ad
1878 1922 1999 1985 hoc
2028 1922 2252 1984 dicunt
2282 1939 2410 1983 ma-

908 2022 1110 2105 gistri,
1145 2022 1313 2104 quod
1361 2021 1718 2102 baptismus
1759 2020 2016 2083 Joannis
2060 2025 2157 2082 est
2204 2037 2409 2081 sacra-

912 2128 1223 2194 mentum,
1257 2137 1385 2182 non
1424 2127 1636 2181 tamen
1670 2118 1903 2181 veteris
1944 2117 2099 2199 legis
2138 2136 2257 2179 nec
2297 2134 2406 2179 no·

907 2240 1025 2293 vae,
1058 2219 1168 2281 sed
1201 2216 1412 2280 medio
1442 2216 1632 2279 modo
1662 2234 1729 2278 se
1764 2216 2024 2278 habens.
2058 2215 2302 2296 Nempe
2340 2215 2405 2276 in

905 2324 1217 2401 quantum
1256 2334 1383 2378 non
1428 2313 1635 2377 efficit
1676 2314 1848 2395 quod
1889 2313 2148 2395 figurat,
2182 2330 2408 2376 conve·

905 2417 1001 2479 nit
1032 2435 1179 2479 cum
1210 2413 1619 2477 sacramentis
1648 2413 1883 2476 veteris
1915 2412 2105 2493 legis3
2125 2411 2190 2474 in
2222 2431 2407 2494 quan-

904 2522 1042 2577 tum
1073 2521 1286 2577 autem
1318 2531 1465 2575 cum
1506 2530 1812 2574 manuum
1850 2510 2259 2592 impositione
2287 2508 2403 2571 fie-

905 2614 1035 2687 bat,
1070 2611 1369 2675 convenit
1396 2630 1543 2673 cum
1576 2608 1989 2672 sacramentis
2018 2608 2402 2689 evangelicae

904 2711 1082 2792 legis.
1144 2710 1288 2773 Fuit
1344 2709 1537 2771 etiam
1596 2707 1902 2781 medium,
1964 2708 2029 2769 in
2089 2712 2400 2789 quantum

905 2809 1137 2874 Christi
1175 2808 1573 2890 Baptismum
1616 2806 1961 2889 praecessit,
1996 2814 2061 2868 et
2095 2805 2173 2868 ad
2216 2803 2400 2866 illum

903 2907 1195 2971 homines
1228 2906 1607 2988 praeparavit
1639 2922 1654 2967 ε
1688 2904 1909 2986 sicque
1937 2903 2016 2966 ad
2046 2920 2402 2966 sacramen-

2519 1921 2904 2005 positionem
2951 1939 2966 1983 τ
3014 1940 3229 1996 unam,
3283 1942 3426 2004 quae
3477 1923 3800 2007 supplevit
3844 1924 4018 1987 defe-

2517 2025 2692 2079 ctum
2737 2017 3036 2100 baptismi
3073 2019 3368 2100 Joannis3
3401 2028 3466 2083 et
3501 2021 3716 2096 aliam,
3748 2040 3875 2103 qua
3913 2023 4021 2084 da-

2518 2115 2706 2178 batur
2743 2116 3019 2198 Spiritus
3063 2116 3329 2180 Sanctus
3372 2119 3449 2180 ad
3491 2118 3705 2182 robur.
3739 2120 4019 2193 Quarum

2518 2214 2727 2296 prima
2769 2233 2942 2277 nunc
2987 2223 3212 2289 cessat,
3241 2216 3408 2279 sicut
3446 2216 3804 2299 baptismus
3837 2218 4020 2281 Joan-

2499 2312 2648 2392 .nis;
2681 2313 2961 2375 secunda
3000 2321 3233 2387 manet,
3268 2333 3394 2396 qua
3433 2323 3702 2378 utuntur
3729 2316 4018 2399 episcopi

2516 2409 2977 2473 confirmando.
3031 2411 3151 2474 Sed
3200 2412 3353 2474 huic
3400 2413 3686 2495 opinioni
3735 2414 4014 2496 Magistri

2513 2508 2839 2589 objicitur,
2882 2509 3184 2591 quoniam
3237 2511 3406 2592 apud
3455 2511 3735 2574 Marcum
3781 2513 3870 2575 ait
3916 2513 4016 2576 Jo-

2511 2626 2710 2669 annes
2743 2624 2759 2668 :
2793 2607 2922 2688 Ego
2961 2625 3074 2670 vos
3120 2607 3374 2690 baptizo
3418 2609 3484 2672 in
3526 2629 3712 2692 aqua,
3747 2609 3856 2673 ille
3899 2629 4016 2675 vos

2512 2705 2861 2787 baptizabit
2889 2706 2957 2767 in
2987 2706 3228 2788 Spiritu
3259 2708 3506 2771 Sancto.
3541 2709 3619 2771 Et
3648 2710 3716 2772 in
3746 2710 4016 2774 Actibus

2509 2803 2782 2867 habetur
2815 2822 2828 2865 ε
2859 2803 3130 2867 Ioannes
3160 2805 3422 2887 quidem
3453 2806 3799 2890 baptizavit
3825 2827 4014 2891 aqua,

2510 2910 2629 2963 etc.
2679 2901 2853 2964 Unde
2899 2902 3126 2964 asserit
3172 2904 3562 2985 Augustinus
3605 2923 3620 2967 :
3661 2906 4018 2988 Baptizavit

902 3013 1040 3068 tum
1074 3023 1251 3068 novae
1284 3003 1441 3086 legis
1474 3003 1759 3085 pertinet
1798 3002 2123 3065 reductive
2163 3009 2228 3064 et
2266 3008 2400 3063 tan-
2433 2998 2476 3062 C
2506 2998 2800 3074 JoanneS,
2833 3007 2897 3061 et
2927 3017 3052 3062 non
3083 3009 3180 3063 est
3208 3001 3634 3084 baptizatum3
3665 3004 4016 3087 baptizavit

902 3122 1095 3187 quam
1140 3101 1622 3186 praeambulum.

982 3204 1046 3267 Si
1077 3210 1289 3265 autem
1323 3209 1661 3284 quaeratur,
1693 3219 1773 3262 an
1814 3201 2081 3282 gratiam
2120 3198 2403 3263 confere-

900 3302 1030 3376 bat,
1048 3301 1170 3364 hoc
1199 3307 1296 3364 est
1323 3318 1721 3382 quaerere,an
1753 3298 2053 3380 baptizati
2083 3297 2402 3379 baptismo

899 3401 1155 3465 Joannis
1186 3405 1367 3462 erant
1394 3397 1844 3480 rebaptizandi.
1859 3397 1950 3460 Ad
1982 3397 2104 3460 hoc
2133 3415 2250 3479 per
2279 3396 2402 3458 dis-

899 3498 1276 3563 tinctionem
1326 3497 1667 3578 respondet
1712 3495 2025 3577 Magister,
2072 3495 2245 3577 quod
2294 3494 2402 3556 ba·

900 3598 1119 3683 ptizati
1150 3597 1469 3678 baptismo
1494 3595 1752 3659 Joannis
1792 3612 1917 3657 non
1958 3593 2266 3657 habentes
2297 3613 2401 3656 ex-

900 3696 1187 3779 plicitam
1220 3693 1417 3756 fidem
1459 3692 1537 3755 de
1578 3691 1821 3774 Spiritu
1860 3691 2090 3754 Sancto
2128 3708 2243 3752 seu
2272 3697 2403 3753 tota

900 3793 1224 3866 Trinitate,
1258 3797 1437 3854 erant
1468 3789 1921 3871 rebaptizandi.
1956 3788 2019 3852 Si
2051 3795 2265 3850 autem
2296 3787 2403 3849 ha-

900 3891 1137 3954 bebant
1164 3888 1535 3971 hujusmodi
1566 3887 1789 3962 fidem,
1823 3905 1950 3949 non
1981 3886 2266 3969 oportuit
2294 3903 2402 3948 eos

900 3989 1277 4071 rebaptizari
1320 3987 1642 4069 Baptismo
1685 3984 1954 4064 Christi3
1993 3985 2104 4046 sed
2151 3990 2400 4046 tantum

900 4086 1314 4170 imponebant
1356 4084 1642 4166 Apostoli
1689 4082 1881 4146 aliive
1921 4082 2224 4165 discipuli
2277 4101 2403 4145 ma-

2507 3098 2718 3173 Judas,
2752 3106 2816 3160 et
2855 3106 2951 3161 est
2988 3098 3402 3182 baptizatum,
3435 3102 3588 3184 quia
3625 3102 3858 3167 Christi
3899 3104 4016 3167 Ba-

2510 3197 2808 3280 ptismate
2848 3197 3211 3280 baptizavit,
3245 3218 3372 3282 quo
3408 3202 3610 3281 gratia
3647 3201 4016 3266 confereba-

2510 3304 2631 3358 tur.
2665 3297 2826 3358 Hinc
2860 3297 3142 3378 magistri
3185 3298 3250 3360 in
3283 3299 3403 3362 isto
3429 3318 3560 3363 non
3593 3302 4013 3384 acquiescunt

2510 3394 2849 3475 Magistro:
2885 3395 3015 3457 imo
3057 3413 3280 3458 omnes
3323 3397 3613 3462 doctores
3656 3407 3720 3461 et
3758 3401 4015 3483 exposi-

2509 3501 2678 3558 tores
2722 3493 3074 3569 affirmant‚
3125 3495 3297 3577 quod
3348 3495 3706 3578 baptismus
3750 3497 4015 3562 Joannis

2508 3592 2777 3673 gratiam
2818 3610 2946 3655 non
2984 3593 3278 3673 donavit3
3310 3603 3573 3677 propter
3607 3597 3778 3678 quod
3810 3597 4020 3681 bapti-

2509 3691 2630 3754 zati
2673 3690 2754 3752 ab
2801 3690 2940 3773 ipso
2982 3692 3194 3754 denuo
3236 3691 3738 3775 baptizabantur.
3771 3694 3865 3758 Ad
3905 3715 4018 3758 au-

2511 3787 2862 3850 ctoritatem
2894 3806 3045 3870 crgo
3073 3788 3434 3870 Hieronymi
3465 3788 4017 3873 dicendum,quod

2510 3883 2810 3966 baptizati
2855 3903 2892 3946 a
2934 3885 3172 3948 Joanne
3217 3903 3343 3948 non
3393 3886 3764 3968 indigebant
3806 3888 4020 3971 Bapti-

2511 4001 2650 4046 smo
2699 3982 2954 4058 Christi,
2987 3983 3052 4045 id
3099 3990 3216 4058 est,
3258 4002 3386 4047 non
3432 3984 3592 4048 adeo
3639 3985 4018 4067 indigebant

2510 4081 2678 4143 sicut
2705 4098 2833 4143 non
2873 4080 3196 4162 baptizati,
3229 4082 3530 4163 quoniam
3563 4083 3629 4146 in
3668 4085 4018 4147 necessita-

901 4205 1022 4247 nus
1072 4203 1264 4267 super
1310 4183 1475 4256 illos,
1528 4189 1592 4244 et
1636 4180 2037 4262 accipiebant
2088 4181 2398 4262 Spiritum
2430 4181 2481 4243 D
2509 4179 2592 4242 tis
2629 4179 2898 4242 articulo
2937 4178 3101 4242 fides
3141 4179 3402 4262 supplet
3432 4181 3639 4244 vicem
3675 4182 4013 4264 Baptismi.

900 4283 1203 4346 Sanctum
1237 4299 1253 4342 t
1286 4281 1506 4362 sicque
1548 4278 1873 4361 impositio
1914 4297 2140 4341 manus
2187 4286 2249 4340 et
2291 4278 2398 4341 ba-

898 4381 1172 4463 ptismus
1216 4378 1473 4442 Joannis
1520 4375 2017 4459 aequipollebant
2072 4376 2399 4458 Baptismo

898 4478 1152 4542 Christi.
1210 4477 1478 4538 Videtur
1543 4493 1799 4557 quoque
1866 4472 2160 4555 Magister
2226 4474 2395 4536 istud

897 4561 1247 4658 sumpsisse
1287 4594 1363 4637 ex
1394 4573 1768 4637 auctoritate
1807 4572 2199 4655 Hieronymi,
2231 4591 2397 4635 asse-

895 4674 1093 4738 rentis
1125 4674 1294 4755 quod
1326 4671 1625 4754 baptizati
1663 4670 1983 4752 baptismo
2018 4669 2299 4745 Joannis,
2331 4678 2396 4733 et

894 4772 1091 4836 fidem
1124 4771 1427 4834 habentes
1458 4770 1537 4834 de
1564 4770 1743 4832 Patre
1772 4775 1835 4831 et
1863 4768 2024 4832 Filio
2050 4787 2125 4831 ac
2156 4769 2396 4851 Spiritu

892 4873 1144 4945 Sancto,
1195 4889 1323 4933 non
1372 4868 1855 4951 baptizabantur
1902 4867 1983 4929 ab
2031 4868 2391 4949 Apostolis3

892 4978 1081 5052 atque
1111 4988 1190 5032 ex
1220 4985 1297 5032 eo
1336 4967 1505 5050 quod
1545 4966 1610 5028 in
1640 4965 1904 5029 Actibus
1936 4965 2189 5046 legitur,
2223 4967 2394 5048 quod

892 5068 1121 5132 Paulus
1170 5067 1334 5128 dixit
1387 5065 1465 5126 ad
1514 5063 1823 5146 quosdam
1870 5063 2131 5127 Joannis
2189 5064 2392 5147 bapti-

892 5172 1093 5228 smate
1143 5162 1493 5246 baptizatos
1544 5179 1561 5224 ι
1613 5161 1679 5224 Si
1729 5160 2041 5243 Spiritum
2088 5161 2391 5224 Sanctum

892 5262 1227 5346 accepistis
1251 5261 1622 5324 credentes?
1652 5266 1717 5322 et
1755 5259 2288 5340 respondentibus
2319 5261 2394 5322 il-

2509 4277 2888 4340 Samaritani
2947 4278 3208 4340 demum
3258 4279 3338 4341 de
3384 4279 3622 4361 quibus
3678 4280 4015 4362 objectum

2509 4383 2626 4451 est,
2670 4376 2968 4458 baptizati
3014 4375 3279 4440 fuerunt
3319 4377 3552 4440 Christi
3593 4379 4010 4461 Baptismate,

2508 4474 2742 4556 quihus
2771 4475 3054 4556 Apostoli
3083 4475 3530 4558 imposuerunt
3559 4495 3778 4540 manus
3804 4479 3885 4540 ad
3919 4499 4017 4544 ro-

2506 4572 2646 4635 bur.
2662 4573 2823 4635 Hinc
2851 4580 2913 4636 et
2942 4579 3088 4636 ante
3112 4573 3246 4654 jam
3277 4583 3662 4656 acceperunt
3690 4575 4011 4658 Spiritum

2506 4672 2830 4746 Sanctum,
2863 4673 3156 4753 quamvis
3185 4690 3313 4734 non
3345 4671 3432 4735 ita
3461 4674 3537 4735 ad
3567 4673 3763 4736 robur
3787 4693 3906 4738 seu
3939 4677 4008 4738 in

2504 4769 2686 4851 signo
2714 4769 2972 4832 visibili.
2989 4769 3131 4832 Haec
3160 4770 3694 4835 Antisiodorensis
3724 4772 3789 4835 in
3821 4773 4012 4837 Sum-

2505 4886 2609 4931 ma
2647 4877 2784 4941 s‘ua,
2831 4866 2995 4931 libro
3036 4875 3280 4950 quarto.

2582 4966 2886 5029 Praeterea
2917 4964 3190 5030 Thomas
3227 4986 3424 5049 super
3463 4968 3562 5031 his
3601 4968 3908 5051 loquitur,
3941 4980 4013 5034 et

2504 5063 2714 5145 primo
2760 5063 2840 5126 de
2887 5063 3037 5138 isto,
3071 5071 3288 5126 utrum
3337 5065 3695 5147 baptismus
3740 5066 4009 5132 Joannis

2503 5161 2745 5224 exstitit
2773 5171 3241 5226 sacramentum
3277 5179 3292 5224 :
3323 5162 3510 5226 Juxta
3536 5164 3891 5244 nugonem,
3911 5186 4011 5230 se-

2502 5260 2784 5324 cundum
2847 5261 3154 5342 majorem
3207 5261 3514 5344 temporis
3561 5263 4008 5347 propinquita-

4077 1158 4165 1200 Λα.
4187 1172 4224 1201 w

4045 1224 4104 1270 16,
4117 1224 4170 1262 17.

4065 2626 4194 2671 Marc.
4202 2640 4224 2677 ι,

4068 2828 4161 2872 Ace.
4178 2842 4204 2879 i,
