4267 6250
112 3527 285 3581 Cfintsso
298 3529 353 3584 C’,

109 3593 177 3633 4³2
190 3591 235 3636 B.

1058 489 1146 537 AN
1186 489 1333 537 POST
1370 486 1561 535 vnum
1600 485 1769 533 HANG
1808 484 2033 543 Annua
2074 487 2488 535 nun-umuli
2526 486 2796 537 raucam

3352 466 3473 533 567

368 660 681 743 quoniam
739 660 927 725 dictis
982 660 1357 724 Sanctorum
1413 676 1488 720 ac
1546 653 1869 736 Evangelii
1900 652 1953 717 A
1982 662 2079 719 est
2107 655 2424 737 placentia
2447 657 2895 742 actualis,quia
2923 676 3114 723 omne
3142 663 3475 741 peccatum

369 759 768 835 adversatur,
800 779 943 842 quae
979 758 1214 841 exponi
1252 774 1379 819 uon
1417 755 1631 818 valent
1667 754 1747 817 de
1776 772 1872 815 re-

372 858 685 923 missione
729 858 1078 922 venialium
1126 863 1438 938 quantum
1490 855 1569 917 ad
1618 871 1872 937 poenam

368 964 647 1033 tantum,
678 966 869 1040 prout
911 956 1204 1038 Magister
1249 954 1477 1038 probat
1524 953 1589 1016 in
1641 952 1869 1027 littera,

369 1056 543 1118 sicut
568 1056 701 1137 jam
734 1056 955 1139 patuit.
991 1055 1103 1117 Est
1128 1071 1384 1138 quoque
1423 1052 1650 1115 frivola
1677 1070 1873 1137 quan-

371 1161 513 1217 tum
556 1154 635 1217 ad
682 1173 937 1217 causam
980 1172 1185 1227 suam,
1216 1152 1369 1235 quia
1409 1149 1696 1215 defectus
1743 1167 1875 1213 cor-

370 1252 634 1335 poralis,
684 1252 893 1335 qualis
940 1259 1037 1314 est
1084 1252 1151 1314 in
1208 1250 1481 1313 termino
1528 1249 1697 1323 vitae,
1746 1266 1873 1311 non

371 1351 585 1413 aufert
614 1349 1150 1433 concupiscentiae
1180 1348 1653 1431 corruptionem
1684 1365 1878 1429 quan-

370 1456 514 1511 tum
560 1450 640 1511 ad
679 1449 982 1523 radicem,
1014 1448 1125 1512 sed
1168 1455 1479 1530 quantum
1519 1446 1599 1509 ad
1636 1454 1873 1519 actum,

372 1547 912 1629 quemadmodum
942 1553 1008 1611 et
1036 1546 1101 1609 in
1131 1546 1233 1609 his
1262 1544 1372 1627 qui
1402 1544 1677 1625 graviter
1708 1543 1881 1606 infir-

374 1651 633 1707 mantur
654 1661 672 1725 ;
712 1664 831 1709 nec
868 1644 1241 1726 tranquillat
1288 1642 1601 1726 potentias
1648 1640 1877 1705 animae

374 1742 462 1806 ita
492 1751 566 1807 ut
592 1762 699 1807 eas
732 1742 1037 1824 subjiciat
1070 1741 1309 1823 gratiae,
1340 1740 1493 1823 quia
1520 1739 1878 1823 tranquilli-

1984 754 2250 817 mortale
2310 755 2372 818 in
2431 762 2577 818 actu
2635 756 2943 820 consistit.
2999 757 3209 819 Potest
3261 763 3475 819 autem

1984 851 2373 933 contingere,
2387 854 2555 936 quod
2584 853 2818 937 aliquis
2847 855 3002 918 dum
3031 854 3280 918 veniale
3311 871 3479 917 com-

1985 950 2164 1013 misit
2211 957 2565 1033 peccatum‚
2606 952 2697 1015 nil
2744 953 3077 1016 actualiter
3122 953 3354 1034 cogitet
3399 953 3480 1016 de

1987 1056 2247 1131 peccato
2275 1049 2658 1114 dimittendo
2685 1070 2799 1115 seu
2832 1052 3138 1131 tenend03
3171 1052 3283 1115 sed
3313 1050 3480 1133 cogi-

1984 1154 2075 1209 tet
2102 1148 2266 1211 t'orte
2295 1149 2462 1231 quod
2505 1150 2859 1231 triangulus
2897 1150 3087 1213 habet
3125 1156 3254 1213 tres
3288 1168 3482 1231 angu-

1986 1245 2078 1308 los
2126 1247 2402 1329 aequales
2449 1247 2699 1310 duobus
2747 1248 2958 1323 rectiS,
3007 1256 3198 1332 atque
3248 1249 3314 1311 in
3361 1248 3480 1312 hac

1984 1344 2366 1424 cogitatione
2394 1344 2803 1409 obdormiens
2835 1346 3158 1410 moriatur.
3187 1348 3334 1411 ldeo
3362 1347 3484 1409 ista

1983 1442 2206 1525 opinio
2252 1443 2702 1508 irrationabilis
2749 1453 2847 1509 est
2891 1446 3172 1510 omnino.
3203 1482 3285 1493 --
3322 1446 3483 1508 Hinc

1986 1541 2353 1617 dicendum,
2386 1544 2556 1624 quod
2596 1544 2786 1626 culpa
2821 1544 3090 1608 venialis
3133 1544 3200 1606 in
3248 1562 3324 1608 eo
3369 1544 3482 1626 qui

1986 1640 2237 1703 decedit
2276 1640 2341 1702 in
2377 1641 2600 1721 gratia,
2633 1641 2979 1704 dimittitur
3017 1650 3161 1724 post
3194 1642 3360 1705 hanc
3390 1642 3480 1704 vi·
3509 1654 3515 1661 ·

1986 1746 2113 1801 tam
2157 1758 2272 1821 per
2310 1739 2656 1822 purgatorii
2697 1740 2932 1821 ignem,
2964 1758 3042 1804 eo
3080 1741 3250 1822 quod
3295 1759 3482 1823 poena

374 1848 470 1903 tas
537 1840 963 1924 potentiarum
1022 1847 1086 1903 et
1146 1838 1463 1920 subjectio
1520 1856 1741 1901 earum
1797 1837 1877 1899 ad
1907 1838 1955 1901 B
1988 1836 2095 1899 illa
2140 1837 2502 1920 aliqualiter
2547 1838 2926 1913 voluntaria,
2976 1838 3212 1901 virtute
3265 1839 3482 1920 gratiae

372 1940 667 2022 gratiam,
701 1947 798 2003 est
843 1938 1097 2022 quando
1141 1937 1474 2000 inferiores
1518 1936 1687 1999 vires
1733 1936 1879 1999 obe-

376 2039 563 2102 diunt
602 2036 1062 2119 superioribus,
1094 2056 1237 2119 quae
1276 2035 1397 2116 legi
1438 2034 1549 2097 Dei
1591 2034 1880 2098 condele-

376 2144 631 2199 ctantur
650 2153 665 2198 ε
684 2135 855 2218 quod
886 2134 951 2196 in
983 2140 1148 2197 statu
1182 2133 1292 2197 illo
1320 2150 1460 2196 esse
1489 2149 1617 2195 non
1650 2138 1875 2215 potest,

378 2253 581 2317 quum
612 2241 767 2296 tunc
793 2240 973 2296 actus
1004 2240 1273 2314 uterque
1302 2230 1717 2314 impediatur3
1750 2230 1876 2293 nisi

376 2331 805 2415 tranquillitas
864 2329 1225 2413 appelletur
1283 2330 1555 2412 privatio
1623 2347 1874 2411 pugnae,

377 2431 547 2494 sicut
590 2428 781 2493 etiam
827 2428 894 2492 in
932 2427 1398 2493 dormientibus
1446 2427 1723 2490 accidit:
1759 2446 1877 2490 nec

376 2538 589 2593 tamen
621 2526 706 2591 ob
734 2527 854 2590 hoc
884 2543 1141 2590 somnus
1170 2526 1406 2589 dicitur
1434 2526 1881 2609 concupiscen-

376 2628 529 2690 tiam
579 2626 917 2700 minorare,
948 2632 1061 2688 aut
1097 2625 1267 2689 vires
1305 2624 1537 2688 animae
1575 2624 1879 2707 tranquil-

378 2726 531 2799 lare,
576 2732 687 2787 aut
728 2724 944 2805 gratiae
988 2742 1093 2787 eas
1138 2723 1478 2804 subjicere.

469 2824 797 2897 Praeterea,
856 2821 1002 2885 dato
1058 2822 1229 2905 quod
1286 2820 1873 2904 concupiscentiam

380 2920 739 2985 radicaliter
774 2921 1162 2984 diminueret
1200 2920 1307 2983 ille
1346 2920 1657 2995 defectuS,
1688 2927 1753 2982 et
1784 2921 1876 2983 vi-

1986 1936 2250 2001 habebit
2277 1937 2408 2000 vim
2439 1937 2738 2020 expiandi
2767 1955 3026 2000 omnem
3056 1938 3312 2020 culpam
3339 1958 3484 2020 quae

1986 2034 2181 2098 simul
2224 2054 2372 2098 cum
2412 2036 2614 2117 gratia
2655 2043 2820 2098 stare
2865 2043 3090 2119 potest.

2064 2135 2256 2197 Porro
2296 2152 2485 2217 poena
2515 2134 2873 2217 purgatorii
2908 2134 3185 2198 absolvit
3214 2154 3251 2198 a
3283 2143 3480 2208 reatu,

1988 2232 2050 2294 id
2095 2239 2194 2295 est
2231 2232 2618 2315 obligatione
2657 2252 2770 2296 seu
2807 2232 3024 2296 debito
3064 2252 3268 2316 poenae
3310 2233 3484 2295 luen-

1984 2331 2099 2394 dae.
2141 2332 2314 2394 Unus
2357 2331 2550 2394 etiam
2597 2331 2786 2394 citius
2834 2330 3142 2395 liberatur
3179 2351 3216 2395 a
3257 2350 3483 2413 purga-

1985 2426 2150 2491 torio
2194 2446 2388 2511 quam
2444 2427 2621 2491 alter.
2660 2428 2817 2491 Nam
2871 2429 3161 2512 quaedam
3210 2428 3486 2492 venialia

1983 2526 2387 2589 adhaerentiae
2415 2533 2566 2588 sunt
2595 2526 2876 2607 majoriS,
2893 2545 3036 2609 quae
3064 2526 3308 2589 tardius
3339 2545 3485 2609 pur-

1984 2632 2232 2707 gantur.
2280 2624 2606 2688 Acerbitas
2655 2626 2915 2688 demum
2965 2643 3170 2707 poenae
3227 2626 3483 2708 proprie

1984 2724 2438 2805 correspondet
2465 2723 2802 2806 quantitati
2832 2723 3068 2806 culpae3
3099 2722 3484 2787 diuturnitas

1983 2837 2158 2895 vero,
2191 2820 2563 2884 radicationi
2608 2821 2812 2903 culpae
2851 2821 2920 2884 in
2957 2820 3267 2903 subjecto.
3307 2821 3483 2885 Unde

1986 2925 2194 3000 potest
2231 2917 2621 3000 contingere,
2654 2919 2824 3001 quod
2862 2918 3096 3001 aliquis
3135 2918 3378 2981 diutius
3417 2918 3483 2982 in

376 3039 479 3083 res
536 3017 767 3083 animae
828 3018 1131 3083 subderet
1188 3018 1425 3100 gratiae,
1483 3019 1692 3081 adhuc
1749 3036 1876 3081 non
1910 3022 1955 3088 C
1988 3018 2352 3099 purgatorio
2391 3024 2700 3091 teneatur,
2733 3016 2843 3099 qui
2887 3025 3102 3081 tamen
3141 3017 3356 3080 minus
3393 3015 3484 3079 af-

378 3118 715 3182 sufsiceret
753 3116 1113 3182 remissioni
1156 3116 1361 3200 eulpae
1400 3115 1669 3181 venialis
1708 3135 1878 3180 com-

382 3219 611 3293 missae,
662 3216 955 3299 quamvis
1002 3215 1331 3279 sufficeret
1377 3217 1455 3279 ad
1507 3207 1877 3279 vitationem

378 3319 611 3381 futurae
645 3334 659 3379 ε
692 3315 996 3398 quoniam
1028 3314 1217 3397 culpa
1244 3315 1530 3390 actualis,
1549 3315 1741 3378 etiam
1774 3334 1877 3378 ve-

380 3414 592 3488 nialiS,
626 3431 753 3476 non
796 3412 1143 3476 dimittitur
1188 3412 1327 3475 sine
1368 3413 1601 3476 actuali
1650 3413 1879 3475 contri·

378 3512 571 3576 tionis
623 3519 824 3586 motu,
873 3518 945 3573 ut
989 3510 1414 3572 sextadecima
1469 3510 1877 3573 distinctione

380 3612 716 3675 inductum
746 3616 855 3682 est,
870 3616 1453 3692 quantumcumque
1482 3609 1681 3690 gratia
1709 3609 1879 3671 habi-

380 3711 639 3774 tualiter
667 3707 1049 3772 intendatur.
1083 3707 1403 3789 Contingit
1429 3713 1643 3770 autem
1684 3727 1879 3789 quan-

270 3847 275 3850 ·
379 3810 611 3891 doque,
644 3807 815 3890 quod
852 3805 1087 3887 aliquis
1125 3804 1447 3868 dormiens
1478 3806 1750 3870 moritur
1776 3825 1879 3869 ex-

378 3909 613 3971 sistens
669 3908 735 3968 in
792 3905 1013 3987 gratia,
1072 3905 1185 3986 qui
1244 3904 1309 3966 in
1374 3904 1588 3986 aliquo
1644 3906 1877 3969 veniali

376 4004 803 4084 obdormivit3
834 4011 901 4066 et
926 4003 1071 4066 talis
1102 4020 1227 4065 non
1259 4010 1465 4085 potest
1491 4010 1703 4066 actum
1734 4023 1879 4066 con-

376 4104 657 4168 tritionis
700 4102 933 4165 babere
975 4110 1121 4165 ante
1174 4109 1462 4165 mortem.
1496 4102 1624 4165 Nec
1671 4111 1879 4184 potest

1986 3115 2254 3198 fligitur,
2288 3123 2352 3181 et
2391 3123 2670 3180 econtra.
2703 3151 2778 3163 —
2809 3116 2955 3180 Haec
2997 3116 3286 3180 Thomas.

2067 3216 2418 3280 Concordat
2445 3213 2765 3289 Albertus,
2798 3215 3069 3279 dicendo
3104 3234 3118 3278 ε
3152 3216 3358 3289 Quum
3396 3216 3487 3278 di-

1988 3321 2089 3377 cat
2133 3313 2473 3396 Gregorius
2520 3320 2746 3395 quarto
2788 3315 3218 3395 Dialogorum,
3256 3314 3386 3377 imo
3423 3322 3489 3377 et

1987 3411 2236 3495 probet,
2255 3430 2510 3495 poenam
2539 3419 2602 3473 et
2631 3411 2886 3494 culpam
2919 3419 3064 3494 post
3092 3413 3255 3475 hanc
3285 3412 3482 3475 vitam

1985 3510 2240 3583 dimitti,
2255 3517 2827 3592 praesumptuosum
2857 3517 3082 3592 reputo
3108 3509 3336 3584 dicere,
3351 3510 3486 3572 nul-

1987 3611 2112 3672 lam
2177 3608 2432 3691 culpam
2489 3607 2807 3672 venialem
2867 3615 3010 3690 post
3064 3607 3227 3671 hanc
3284 3608 3480 3671 vitam

1988 3726 2173 3792 posse
2220 3707 2419 3771 deleri
2467 3725 2482 3769 :
2529 3706 2660 3770 imo
2705 3705 3049 3769 dicendum
3091 3713 3157 3769 et
3200 3724 3483 3770 asseren-

1986 3807 2142 3870 dum
2173 3825 2320 3870 cum
2361 3806 2628 3880 Sanctis,
2660 3805 2831 3888 quod
2870 3810 3014 3886 post
3052 3811 3322 3868 mortem
3351 3823 3478 3868 non

1986 3915 2084 3968 est
2126 3913 2380 3988 tempus
2422 3904 2694 3986 augendi
2745 3903 3068 3977 meritum,
3099 3903 3211 3965 sed
3261 3903 3482 3966 utendi

1988 4004 2216 4066 merito
2258 4004 2334 4065 ad
2379 4003 2736 4065 efficaciam
2785 4001 2862 4063 ad
2912 4021 3106 4084 quam
3155 4009 3358 4084 potest
3397 4010 3486 4065 at-

1986 4102 2251 4182 tingere.
2286 4100 2829 4174 Quemadmodum
2881 4100 3054 4162 enim
3096 4101 3323 4162 asserit
3357 4101 3482 4162 Au-

376 4202 529 4276 dici,
562 4209 635 4264 ut
674 4201 917 4274 dicunt,
949 4201 1121 4283 quod
1150 4201 1205 4263 si
1244 4218 1371 4263 non
1404 4200 1704 4283 poenituit
1729 4208 1875 4262 actu
1906 4203 1955 4264 D
1987 4199 2304 4280 gustinus,
2363 4197 2532 4279 quod
2597 4197 2854 4278 quidam
2918 4198 3070 4260 dum
3140 4197 3246 4260 hic
3301 4197 3480 4260 vive-

377 4303 478 4363 vel
516 4298 864 4383 preposite,
902 4297 968 4360 in
1012 4299 1289 4380 generali
1332 4299 1432 4362 vel
1476 4298 1761 4380 speciali,
1796 4299 1879 4360 sit

380 4417 639 4462 versum
681 4397 749 4460 in
789 4397 1075 4471 mortale,
1108 4403 1367 4478 propter
1403 4395 1523 4459 hoc
1562 4397 1731 4478 quod
1776 4415 1878 4458 ve-

380 4498 551 4560 niale
602 4495 678 4558 sit
726 4495 989 4558 mortale
1036 4496 1189 4557 dum
1242 4493 1450 4576 placet
1492 4512 1505 4556 :
1550 4495 1700 4576 quia
1748 4512 1876 4556 non

382 4594 686 4681 quaelibet
716 4593 1033 4677 placentia
1060 4592 1329 4654 venialis
1361 4592 1511 4654 facit
1542 4601 1875 4674 peccatum

384 4693 650 4758 mortale
678 4693 863 4776 (alias
902 4708 1092 4754 omne
1134 4698 1464 4772 peccatum
1496 4690 1745 4753 veniale
1783 4711 1878 4754 es-

382 4801 479 4857 set
535 4790 825 4865 mortale,
886 4788 1190 4871 quoniam
1246 4787 1577 4870 quodlibet
1632 4789 1879 4851 veniale

381 4893 611 4974 placet,
634 4907 835 4972 quum
864 4888 949 4950 sit
976 4886 1467 4967 voluntarium);
1490 4887 1599 4949 sed
1632 4886 1883 4968 placen·

380 4991 471 5052 tia
520 4983 663 5070 qti'ae
714 4986 791 5048 ad
841 4983 1213 5048 fruitionem
1260 4992 1357 5047 est
1414 4985 1763 5067 pertinenS‚
1816 4985 1881 5046 in

382 5105 511 5169 qua
558 5083 769 5148 omnis
812 5082 1091 5145 humana
1136 5083 1427 5146 consistit
1476 5083 1881 5166 perversitaS,

383 5185 540 5247 dum
585 5181 777 5245 rebus
818 5179 1071 5244 utendis
1108 5180 1404 5243 fruimur.
1440 5181 1672 5263 Sicque
1716 5200 1885 5243 com-

385 5281 703 5366 placentia
733 5279 843 5342 illa
870 5298 1013 5360 quae
1043 5277 1195 5340 facit
1222 5286 1553 5360 peccatum
1598 5280 1881 5354 mortale,

1988 4305 2146 4370 rent,
2173 4302 2545 4359 meruerunt
2572 4296 2741 4377 quod
2769 4297 2862 4358 eis
2893 4304 3152 4379 possent
3182 4298 3480 4379 prodesse

1986 4395 2323 4478 suffragia3
2357 4395 2447 4458 sic
2481 4393 2574 4456 illi
2604 4395 2856 4477 quando
2887 4395 3326 4470 vixerunt,hic
3356 4415 3483 4459 me-

1990 4502 2256 4556 ruerunt
2286 4494 2454 4576 quod
2483 4492 2686 4573 gratia
2715 4491 2806 4554 eis
2837 4511 2910 4554 ac
2940 4512 3125 4575 poena
3161 4494 3242 4557 ad
3273 4495 3481 4557 venia-

1989 4592 2149 4654 lium
2208 4591 2590 4654 deletionem
2649 4598 2908 4672 possent
2964 4592 3282 4673 prodesse.
3335 4592 3480 4654 Ideo

1990 4709 2176 4752 usum
2229 4689 2434 4751 meriti
2486 4688 2586 4750 sui
2646 4696 2789 4770 post
2837 4695 3105 4750 mortem
3163 4688 3483 4771 recipiunt

1989 4795 2219 4871 praeter
2247 4786 2616 4848 meritorum
2648 4791 3082 4878 augmentum.
3106 4820 3184 4832 —
3210 4787 3355 4850 Haec
3385 4786 3485 4849 Al-

1989 4884 2222 4948 bertus.
2240 4883 2435 4964 Cujus
2465 4881 2701 4964 scripta
2733 4881 2798 4943 in
2828 4881 2928 4943 his
2959 4891 3304 4946 consonant
3333 4884 3486 4947 scri-

1992 4983 2117 5066 ptis
2149 4982 2424 5054 Thomae,
2455 4980 2646 5043 etiam
2685 4979 2766 5042 de
2806 4987 3113 5062 perpetua
3153 4982 3484 5063 punitione

1991 5080 2340 5146 venialium
2372 5078 2439 5141 in
2477 5076 2748 5141 inferno,
2783 5078 3075 5160 Disputat
3103 5095 3357 5162 quoque
3387 5078 3486 5142 Al-

1991 5181 2210 5243 bertus
2249 5185 2467 5242 contra
2495 5194 2774 5240 errorem
2806 5177 3147 5258 quemdam
3182 5196 3482 5259 quorum-

1994 5279 2140 5342 dam
2201 5276 2582 5350 Graecorum,
2630 5273 2980 5336 dicentium
3040 5275 3284 5338 animas
3337 5285 3482 5339 ante
