4267 6250
669 497 896 553 ροβε-τ.
937 498 978 542 v
1021 497 1036 543 :
1077 497 1156 544 nn
1195 496 1500 544 mmsrms
1542 495 2070 556 conrinuuroms,
2113 499 2199 544 AN
2240 499 2283 544 A
2325 499 2490 546 sonis
2532 499 2729 544 nli-run
2770 496 3071 543 EPISGOPIS
3312 476 3431 540 195

349 673 576 750 oportet
604 673 846 730 >tantam
877 686 1017 731 esse
1052 667 1482 730 diversitatem
1523 666 1587 728 in
1619 667 1828 730 causis
1857 671 1907 734 A
1937 668 2055 730 etsi
2093 667 2360 750 pulchra
2390 670 2701 742 videatur,
2734 688 2771 730 a
2800 668 3063 730 veritate
3092 673 3306 730 tamen
3336 675 3434 730 est

352 874 405 928 et
431 865 648 928 calore.
687 866 842 928 Dato
880 865 1075 927 etiam
1109 864 1278 946 quod
1317 883 1524 927 causae
1557 871 1622 925 et
1649 864 1831 944 signa

350 965 804 1044 distinguantur
861 963 1216 1026 secundum
1279 962 1588 1024 rationem
1638 968 1828 1042 atque

351 1063 682 1126 formaliter
723 1069 1019 1143 respectu
1063 1067 1465 1123 causatorum
1505 1079 1579 1122 ac
1621 1059 1827 1140 signa-

349 1169 560 1234 torum,
605 1178 733 1223 non
777 1167 994 1222 tamen
1037 1166 1286 1240 oportet
1327 1164 1400 1220 ut
1441 1157 1695 1220 realiter
1735 1157 1829 1219 di-

349 1259 810 1336 versificentur3
829 1259 940 1320 sed
971 1265 1036 1320 et
1062 1257 1232 1320 idem
1264 1264 1592 1318 causatum
1625 1263 1832 1337 potest

351 1356 544 1438 plures
591 1375 816 1419 causas
873 1355 1130 1428 habere,
1181 1362 1246 1416 et
1293 1354 1460 1416 idem
1509 1354 1826 1435 signatum

353 1456 512 1536 plura
558 1457 762 1537 signa,
803 1473 1006 1536 quum
1048 1453 1338 1534 ejusdem
1389 1453 1519 1516 sint
1558 1459 1830 1534 quatuor

352 1573 554 1627 causa»,
587 1561 653 1617 et
693 1552 1106 1616 Eucharistiae
1144 1552 1324 1632 signa
1361 1551 1492 1612 sint
1529 1551 1824 1632 plurima.

353 1653 566 1733 ltaque,
599 1652 770 1713 sicut
800 1651 1022 1714 eadem
1054 1658 1152 1713 est
1186 1650 1387 1732 gratia
1430 1649 1828 1732 praeveniens

351 1759 406 1812 et
427 1750 616 1830 gratia
657 1749 1080 1831 subsequam,
1114 1749 1207 1825 sic
1242 1749 1462 1812 eadem
1501 1755 1598 1811 est
1628 1748 1831 1829 gratia

139 767 587 848 ᾳμμᾼχείειηίιι
619 767 918 840 causatiS,
953 767 1120 828 sicut
1146 767 1278 847 iam
1312 766 1518 848 patuit
1545 765 1624 827 de
1655 765 1830 828 radio
1935 767 2161 828 aliena.
2218 769 2286 830 In
2346 769 2757 831 sacramentis
2814 785 3092 849 namque
3150 784 3280 829 non
3338 774 3435 830 est

1938 866 2249 928 connexio
2292 867 2831 948 quemadmodum
2878 867 2941 928 in
2983 865 3330 928 virtutibus
3374 871 3438 927 et

1939 963 2004 1024 in
2038 963 2241 1026 donis.
2278 965 2401 1026 Alii
2441 965 2685 1038 dicunt,
2717 966 2889 1046 quod
2926 965 3143 1047 gratiae
3184 965 3309 1027 illae
3344 983 3439 1026 es-

1939 1061 2291 1124 sentialiter
2332 1069 2592 1125 manent
2633 1063 2901 1126 diversae
2944 1081 3017 1125 ac
3062 1061 3439 1125 differentes

1939 1159 2253 1242 subjecto,
2296 1160 2383 1222 ita
2422 1145 2594 1242 quod
2642 1179 2760 1223 nec
2812 1179 2938 1222 una
2990 1159 3284 1242 perficiat
3330 1160 3441 1222 ali-

1937 1276 2040 1318 am
2078 1257 2204 1320 nisi
2240 1277 2353 1339 per
2380 1259 2697 1332 accidenS,
2733 1259 2797 1320 in
2832 1266 3141 1340 quantum
3184 1257 3442 1340 perficit

1939 1355 2237 1417 eumdem
2300 1355 2647 1417 hominem.
2712 1356 2903 1418 Tertii
2965 1356 3207 1429 dicunt,
3270 1355 3440 1436 quod

1937 1461 2251 1534 quantum
2283 1454 2361 1515 ad
2391 1451 2869 1515 fundamentum
2906 1453 3271 1515 habitumve
3300 1452 3443 1514 sub-

1939 1558 2230 1626 stratum,
2264 1571 2390 1614 una
2424 1553 2678 1615 realiter
2715 1553 2799 1614 sit
2833 1550 3034 1634 gratia
3070 1559 3319 1633 gratum
3356 1550 3442 1613 fa-

1940 1648 2141 1724 cienS,
2193 1651 2302 1712 sed
2349 1650 2699 1712 secundum
2748 1650 2998 1712 diversa
3046 1657 3442 1712 sacramenta

1943 1747 2153 1810 varios
2197 1749 2459 1810 sortitur
2501 1747 2795 1822 effectus,
2828 1754 2890 1810 et
2935 1755 3192 1829 propter
3234 1748 3441 1810 diver-

352 1849 632 1930 Baptismi
695 1855 759 1911 et
815 1847 1350 1911 confirmationis.
1413 1848 1829 1921 Quemadmo-
1869 1849 1914 1912 B
1944 1845 2197 1909 sitatem
2245 1846 2597 1910 effectuum
2645 1847 2913 1909 diversae
2958 1847 3177 1927 gratiae
3222 1846 3440 1929 appel-

353 1949 486 2009 dum
526 1948 721 2010 etiam
762 1948 984 2010 eadem
1026 1955 1122 2010 est
1159 1946 1384 2009 caritas
1427 1947 1725 2028 baptizati
1769 1953 1833 2008 et

357 2046 720 2120 confirmati,
762 2048 856 2108 sic
901 2046 1234 2128 utriusque
1279 2045 1502 2109 eadem
1553 2052 1649 2108 est
1695 2064 1833 2127 gra-

355 2145 445 2205 tia.
485 2145 736 2207 Etenim
781 2145 950 2206 sicut
993 2145 1218 2206 caritas
1263 2143 1415 2206 facit
1457 2161 1698 2216 carum,
1741 2143 1833 2206 sic

354 2244 535 2324 gratia
566 2252 840 2325 gratum.
873 2243 1018 2306 Haec
1047 2243 1546 2324 Argentinensis.
1579 2278 1660 2288 —
1689 2242 1834 2323 Opi-

355 2341 450 2404 nio
475 2343 736 2404 demum
769 2342 1050 2404 Durandi
1080 2349 1145 2404 et
1172 2340 1339 2403 Scoti
1371 2341 1451 2403 de
1478 2340 1601 2414 his,
1631 2339 1835 2422 patuit

353 2459 544 2522 supra.

423 2539 737 2603 Postremo
767 2539 1208 2601 Bonaventura
1245 2554 1500 2618 quoque
1536 2536 1686 2598 huic
1726 2553 1834 2618 po-

354 2638 550 2701 sitioni
599 2638 1004 2701 consentiens
1059 2654 1073 2698 ε
1125 2634 1562 2708 Confirmatio,
1603 2634 1832 2716 inquit,

355 2737 448 2798 dat
472 2737 733 2817 gratiam
763 2742 1014 2817 gratum
1044 2733 1409 2806 facientem,
1426 2741 1495 2795 ut
1522 2733 1834 2806 RabanuS,

357 2833 516 2915 Hugo
559 2843 624 2896 et
669 2835 963 2914 Magister
1011 2834 1077 2894 in
1126 2833 1335 2894 littera
1384 2839 1831 2914 protestantur.

355 2931 462 2994 Sed
499 2932 978 3004 advertendum,
1013 2932 1181 3013 quod
1218 2931 1418 3013 gratia
1460 2938 1708 3011 gratum
1750 2929 1838 2992 fa-

1946 1945 2173 2007 lantur.
2209 1946 2351 2009 Haec
2394 1946 2851 2008 Bonaventura.

2027 2045 2116 2106 Ex
2168 2045 2402 2126 quibus
2450 2043 2749 2108 satisfieri
2800 2052 3009 2126 potest
3054 2044 3243 2106 dictis
3292 2043 3444 2107 San-

1945 2151 2194 2206 ctorum
2224 2144 2333 2225 qui
2365 2143 2587 2206 dicunt
2617 2144 2682 2206 in
2716 2143 3130 2206 sacramentis
3162 2143 3445 2205 diversas

1943 2243 2178 2323 gratias
2216 2242 2580 2304 condonari.
2614 2243 3003 2324 Frequenter
3032 2242 3204 2304 enim
3244 2242 3446 2323 gratia

1945 2342 2225 2403 sumitur
2248 2359 2363 2422 pro
2388 2358 2796 2423 quocumque
2826 2343 2992 2404 dono
3016 2360 3129 2404 seu
3158 2359 3441 2416 munere,

1943 2440 2219 2520 gratuito
2266 2447 2375 2502 aut
2421 2440 2911 2522 supernaturali,
2963 2439 3271 2503 habituali
3330 2458 3442 2501 seu

1943 2538 2199 2612 actuali,
2263 2527 2614 2600 secundum
2681 2539 2851 2619 quod
2913 2539 3211 2612 dicimuS‚
3273 2537 3443 2619 quod

1946 2638 2351 2718 compunctio
2381 2656 2494 2699 seu
2535 2636 2941 2698 lacrimarum
2978 2637 3158 2719 copia
3188 2644 3286 2698 est
3312 2654 3445 2717 gra-

1944 2736 2034 2796 tia
2085 2754 2331 2817 magna.
2383 2736 2600 2816 Itaque
2655 2752 2892 2816 ponere
2941 2743 3182 2797 tantam
3236 2734 3445 2816 plura-

1949 2834 2189 2896 litatem
2236 2835 2453 2915 gratiae
2498 2841 2749 2915 gratum
2798 2832 3116 2908 facientis,
3170 2834 3305 2896 sive
3351 2841 3445 2897 tot

1944 2933 2176 3013 gratias
2217 2940 2467 3014 gratum
2514 2931 2821 2995 facientes
2871 2933 3063 2994 simul
3108 2933 3175 2994 in
3218 2932 3445 2995 eodem

357 3031 518 3092 ciens
561 3030 906 3113 dupliciter
945 3030 1200 3092 dicitur.
1253 3029 1485 3104 Primo,
1527 3029 1710 3110 quasi
1758 3029 1836 3091 de
1874 3027 1917 3092 c
1947 3030 2237 3110 subjecto
2267 3031 2407 3093 sine
2438 3031 2836 3103 necessitate,
2859 3048 2984 3093 non
3016 3031 3270 3092 videtur
3298 3047 3445 3092 con-

357 3148 472 3191 non
513 3137 688 3211 grato
724 3128 967 3191 faciens
1008 3136 1279 3210 gratum,
1313 3137 1384 3191 ut
1424 3129 1488 3191 in
1528 3127 1839 3191 Poeniten-

355 3228 435 3290 tia
465 3238 528 3292 et
565 3228 909 3311 Baptismo,
947 3228 1012 3289 in
1047 3227 1282 3309 quibus
1323 3234 1617 3308 peccator
1653 3228 1837 3307 justi-

356 3325 592 3401 ficatur,
633 3327 902 3409 gratiam
951 3326 1319 3407 recipiendo
1367 3326 1446 3388 de
1492 3342 1676 3388 novo.
1731 3326 1837 3388 Se-

357 3426 571 3500 cundo,
621 3425 804 3507 quasi
859 3424 992 3505 jam
1038 3429 1289 3504 gratum
1337 3423 1538 3504 magis
1585 3430 1834 3504 gratum

358 3521 668 3603 faciend03
719 3530 784 3585 et
825 3522 970 3583 talis
1017 3528 1113 3583 est
1157 3522 1357 3603 gratia
1400 3520 1840 3584 confirmatio·

359 3622 470 3695 nis,
511 3642 648 3703 quae
693 3620 962 3701 gratiam
1009 3628 1154 3682 ante
1197 3627 1522 3701 acceptam
1575 3618 1840 3700 ampliat

358 3726 416 3780 et
442 3718 792 3781 confirmat.
827 3718 1128 3791 Quamvis
1157 3734 1308 3798 ergo
1341 3716 1696 3798 baptizatus
1734 3717 1841 3779 ha-

359 3815 494 3879 beat
535 3818 800 3899 gratiam
857 3823 1106 3898 gratum
1155 3815 1520 3890 facientem,
1573 3833 1701 3877 non
1751 3822 1840 3877 ta-

359 3933 496 3977 men
537 3916 612 3977 ad
656 3915 842 3977 illum
885 3913 1214 3987 effectum,
1249 3932 1366 3975 nec
1411 3914 1476 3975 in
1521 3912 1631 3975 illo
1674 3920 1840 3976 statu

361 4012 422 4075 in
460 4032 582 4095 quo
627 4014 820 4077 habet
866 4030 1009 4075 eam
1059 4019 1202 4093 post
1248 4010 1835 4074 confirmationem.

357 4110 510 4173 Hinc
547 4112 742 4193 gratia
783 4109 1302 4175 confirmationis
1345 4110 1638 4190 quamvis
1681 4110 1844 4173 dire-

361 4218 454 4272 cte
491 4210 729 4273 dicatur
758 4227 898 4273 esse
938 4215 1156 4272 contra
1194 4225 1472 4290 poenam,
1504 4216 1602 4271 est
1627 4216 1840 4271 tamen
1871 4208 1920 4271 D

359 4327 434 4371 ex
473 4308 876 4391 consequenti
915 4315 982 4371 et
1018 4315 1237 4371 contra
1279 4306 1556 4389 culpam.
1591 4307 1702 4370 Est
1737 4326 1844 4369 au-

361 4414 484 4471 tem
532 4416 742 4471 contra
789 4406 1385 4490 pusillanimitatem
1436 4414 1500 4468 et
1546 4406 1839 4469 timorem

361 4506 716 4571 humanum.
733 4507 1019 4589 Denique
1049 4506 1309 4588 quidam
1341 4505 1656 4581 dixerunt,
1673 4505 1842 4588 quod

361 4607 552 4687 gratia
594 4606 902 4690 Baptismi
960 4613 1024 4668 et
1079 4606 1280 4686 gratia
1326 4604 1840 4668 confirmationis

361 4706 766 4769 essentialiter
827 4704 1160 4777 differunt,
1223 4704 1392 4767 sicut
1447 4705 1716 4767 virtutes
1779 4711 1842 4767 et

363 4802 521 4866 dona
557 4824 570 4868 :
611 4804 910 4887 quoniam
955 4804 1020 4865 in
1059 4804 1384 4885 Baptismo
1422 4803 1606 4865 datur
1643 4804 1843 4885 gratia

365 4921 500 4982 quae
528 4902 800 4966 influens
831 4903 896 4965 in
930 4903 1244 4985 potentias
1275 4901 1428 4965 facit
1457 4902 1841 4980 virtutes3in

367 4999 846 5064 confirmatione
889 5019 1042 5063 vero
1085 5008 1420 5082 praestatur
1461 5000 1661 5081 gratia
1702 5019 1843 5081 quae

369 5096 628 5163 influens
657 5100 725 5163 in
762 5099 1076 5181 potentias
1107 5099 1261 5161 facit
1288 5100 1453 5162 dona
1465 5117 1482 5179 ;
1517 5100 1582 5161 in
1612 5099 1844 5163 Ordine

367 5204 562 5261 autem
601 5199 802 5280 gratia
840 5198 1233 5260 condonatur
1272 5216 1412 5279 quae
1454 5197 1734 5260 influens
1780 5197 1844 5259 in

369 5298 658 5378 potentias
703 5296 858 5361 facit
899 5295 1344 5359 beatitudines.
1391 5296 1540 5369 Quae
1589 5296 1841 5378 positi0,

1947 3130 2235 3203 veniens,
2277 3149 2475 3212 quum
2528 3131 2711 3193 aliter
2758 3130 2974 3192 omnia
3022 3130 3133 3192 illa
3182 3130 3449 3193 rationa-

1947 3227 2164 3289 biliter
2221 3229 2468 3309 possint
2524 3229 2774 3292 salvari.
2830 3228 3005 3291 Unde
3063 3235 3127 3290 et
3172 3228 3447 3291 Antisio·

1947 3325 2235 3389 dorensis
2296 3327 2361 3388 in
2410 3325 2674 3389 Summa
2729 3346 2845 3389 sua
2900 3326 3051 3389 huic
3110 3326 3449 3390 concordat

1948 3423 2300 3498 sententiaa,
2335 3424 2465 3487 imo
2495 3424 2560 3486 in
2591 3433 2839 3488 tantum
2869 3424 3151 3487 affirmat
3178 3424 3447 3507 gratiam

1948 3521 2255 3602 Baptismi
2286 3541 2426 3586 esse
2456 3523 2746 3585 eamdem
2778 3542 2847 3585 re
2878 3542 3023 3585 cum
3062 3523 3264 3605 gratia
3292 3522 3449 3586 con-

1948 3618 2355 3695 firmationiS,
2390 3621 2556 3702 quod
2598 3628 2662 3682 ct
2699 3621 3033 3702 utriusque
3067 3620 3443 3683 sacramenti

1949 3719 2377 3781 characterem
2416 3719 2640 3781 asserit
2667 3736 2807 3781 esse
2839 3735 3107 3780 numero
3136 3737 3335 3779 unum
3379 3718 3443 3779 in

1949 3818 2173 3880 eodem
2214 3816 2501 3897 subjecto
2531 3834 2544 3878 :
2579 3817 2747 3897 quod
2780 3824 2995 3878 tamen
3034 3816 3445 3898 praeinductis

1952 3932 2076 3978 non
2123 3922 2428 3978 consonat
2468 3933 2587 3977 nec
2630 3922 2901 3977 tenetur.

2396 4232 2870 4307 QUAESTIO
2938 4233 3001 4297 V

2121 4605 2623 4688 firmationis,
2680 4621 2780 4674 an
2841 4620 2889 4673 a
2948 4604 3142 4673 solis
3208 4606 3446 4672 detur

1995 4722 2048 4788 p
2082 4706 2365 4787 scopis.

2027 4805 2292 4868 Videtur
2348 4803 2519 4885 quod
2577 4819 2727 4875 non,
2785 4801 3087 4883 quoniam
3146 4802 3445 4883 dignissi-

1952 4922 2128 4965 mum
2188 4907 2655 4964 sacramentum
2713 4899 3124 4962 Eucharistiae
3181 4900 3365 4962 datur
3410 4918 3448 4961 a

1950 4999 2232 5081 simplici
2279 4999 2624 5072 sacerdote,
2666 5014 2815 5078 ergo
2865 4997 3010 5078 plus
3059 4997 3227 5059 istud
3278 4998 3447 5078 quod

1951 5100 2062 5162 illo
2107 5097 2375 5161 inferius
2414 5103 2529 5159 est.
2565 5132 2645 5141 --
2673 5096 2853 5170 Item,
2890 5095 3087 5157 laicus
3131 5103 3339 5177 potest
3379 5096 3446 5157 in

1951 5197 2349 5261 necessitatis
2377 5195 2644 5258 articulo
2672 5193 3178 5276 baptizare,ergo
3208 5200 3272 5256 et
3301 5194 3449 5255 sim-

1954 5296 2101 5378 plex
2144 5295 2434 5358 sacerdos
2482 5292 2885 5367 confirmare,
2927 5311 3128 5375 quum
3175 5292 3447 5373 dignitas

2093 4508 2279 4571 Uinto
2317 4508 2625 4589 quaeritur
2662 4510 2776 4575 De
2814 4509 3209 4576 ministris
3250 4508 3447 4575 Gon-

1949 4505 2086 4773 Ω
