4267 6250
835 471 958 538 216

1479 493 1546 541 m
1583 491 1807 540 mmm!
1847 492 1910 538 1v
1949 489 2435 538 SENTENTIARUR.
2474 507 2558 520 -·
2597 490 2751 537 msT.
2790 490 2943 554 vl113
2983 489 3209 546 QnAES‘r.
3249 490 3290 536 V

837 663 1561 727 transsubstantiationis
1601 670 1882 727 extrema
1921 681 2035 726 seu
2071 659 2328 725 termini
2359 660 2412 725 A
2438 661 2792 725 secundum
2841 661 3197 736 veritatem,
3248 660 3357 724 sed
3404 666 3654 722 tantum
3712 675 3943 720 secun·

838 767 989 823 sunt
1045 761 1186 826 duae
1243 762 1631 826 substantiae.
1694 762 1935 824 Idcirco
1993 760 2058 823 in
2116 760 2330 823 verbis

835 856 1060 924 formae
1121 861 1315 942 hujus
1377 859 1823 942 significantur
1882 860 2008 922 duo
2071 858 2331 922 termini

835 958 1559 1023 transsubstantiationis
1599 967 1663 1022 et
1695 959 1833 1042 ipsa
1867 957 2333 1021 transsubstan-

833 1056 1016 1120 tiatio
1065 1065 1136 1119 ut
1178 1057 1244 1120 in
1283 1058 1558 1121 termino
1608 1075 1725 1120 suo
1772 1076 1886 1140 per
1923 1056 2194 1119 verbum
2238 1075 2332 1118 es-

833 1154 1034 1218 sendi.
1106 1156 1175 1218 In
1243 1157 1520 1220 termino
1580 1164 1792 1219 autern
1855 1154 2327 1218 transsubstan-

832 1253 1137 1328 tiationis,
1179 1254 1532 1318 substantia
1575 1274 1718 1337 quae
1761 1262 1895 1317 erat
1937 1253 2251 1316 terminus
2289 1272 2330 1314 a

833 1372 982 1432 quc,
1051 1371 1179 1416 non
1245 1361 1459 1416 manet
1522 1360 1833 1436 quantum
1894 1352 1973 1414 ad
2035 1358 2327 1414 naturam

833 1469 1013 1514 suam
1063 1451 1459 1533 specificam,
1504 1452 1614 1515 sed
1655 1451 1862 1514 solum
1899 1457 2211 1533 quantum
2251 1449 2329 1511 ad

832 1549 1186 1612 accidentia
1247 1550 1483 1632 quibus
1541 1549 1681 1631 ejus
1744 1547 2165 1612 individuatio
2222 1565 2327 1610 co-

831 1647 1312 1730 gnoscebatur3
1382 1648 1737 1711 substantia
1801 1665 1952 1711 vero
2024 1666 2165 1729 quae
2234 1653 2332 1709 est

833 1746 1144 1810 terminus
1199 1746 1926 1810 transsubstantiationis
1975 1749 2064 1806 ad
2113 1765 2327 1825 quem,

2436 759 2590 822 dum
2622 759 3181 842 significationem,
3202 760 3374 843 quod
3404 766 3502 822 est
3526 757 3940 834 haereticum3

2438 859 2540 922 vel
2580 859 2774 923 verba
2812 859 3143 942 praemissa
3182 876 3311 922 non
3349 865 3563 922 essent
3601 856 3811 920 forma
3846 875 3946 918 sa-

2439 959 2748 1021 cramenti
2788 958 2991 1020 istius.
3026 957 3155 1021 Nec
3196 964 3406 1040 potest
3446 955 3597 1028 dici,
3627 955 3801 1037 quod
3844 953 3943 1014 in-

2438 1058 2639 1120 tentio
2668 1055 3050 1139 proferentis
3084 1056 3300 1130 verba,
3334 1055 3489 1119 facit
3516 1054 3687 1137 quod
3722 1052 3943 1115 verbis

2438 1156 2539 1218 his
2570 1164 2976 1218 consecretur
2999 1156 3233 1218 virtute
3261 1153 3570 1218 divinitus
3597 1152 3775 1215 data:
3795 1169 3947 1234 quo-

2438 1254 2610 1317 niam
2649 1254 2852 1316 virtus
2891 1254 3032 1317 data
3072 1253 3485 1316 sacramentis
3524 1251 3947 1332 consequitur

2438 1351 3000 1433 significationem,
3053 1359 3117 1415 et
3164 1351 3441 1414 ministri
3491 1350 3760 1413 intentio
3807 1367 3939 1412 non

2438 1457 2647 1532 potest
2674 1451 2751 1513 ad
2784 1450 2983 1512 alium
3016 1449 3323 1514 effectum
3364 1455 3762 1512 sacramenta
3802 1466 3945 1530 per-

2438 1548 2693 1623 ducere,
2737 1549 2861 1610 nisi
2911 1549 3021 1632 qui
3070 1549 3165 1612 eis
3212 1548 3633 1630 significatur.
3665 1582 3748 1592 —
3792 1547 3945 1610 ldeo

2438 1647 2547 1710 alii
2587 1648 2831 1722 dicunt,
2864 1648 3038 1730 quod
3080 1647 3141 1730 ly
3181 1647 3323 1720 hoc,
3358 1645 3521 1709 facit·
3551 1646 3947 1710 demonstra-

2438 1746 2677 1809 tionem
2720 1747 2798 1810 ad
2842 1765 3126 1820 sensum,
3168 1753 3233 1808 et
3274 1745 3665 1808 demonstrat
3704 1761 3945 1826 panem

834 1845 1076 1927 integre
1125 1846 1490 1909 continetur
1541 1846 1607 1908 in
1667 1851 2060 1910 sacramento
2119 1842 2328 1926 quoad
2363 1835 2411 1900 B
2440 1862 2567 1908 non
2618 1845 3019 1927 simpliciter,
3060 1845 3172 1906 sed
3220 1844 3575 1907 secundum
3622 1842 3795 1925 quod
3844 1849 3947 1904 est

829 1953 1122 2008 naturam
1171 1963 1300 2008 suae
1345 1944 1604 2027 speciei,
1647 1953 1711 2008 et
1752 1951 2063 2027 quantum
2105 1942 2186 2004 ad
2232 1960 2330 2004 ac-

835 2042 1112 2105 cidentia
1171 2043 1447 2125 propria.
1502 2042 1648 2106 Ideo
1700 2061 1778 2105 ex
1838 2049 2014 2124 parte
2069 2039 2329 2102 termini

831 2161 872 2202 a
902 2162 1050 2221 quc,
1081 2159 1209 2204 non
1249 2141 1510 2223 ponitur
1548 2140 1611 2203 id
1652 2142 1821 2222 quod
1861 2139 2187 2221 significet
2224 2158 2331 2201 na·

834 2248 1042 2303 turam
1085 2239 1346 2323 speciei,
1389 2239 1499 2303 sed
1549 2256 1901 2322 pronomen
1943 2239 2331 2302 demonstra-

830 2338 1060 2411 tivum,
1093 2337 1263 2419 quod
1293 2335 1584 2400 notificat
1614 2336 2184 2400 individuationem
2216 2354 2333 2417 per

831 2435 1185 2499 accidentia
1243 2444 1431 2518 prout
1489 2436 1724 2498 cadunt
1779 2435 1901 2498 sub
1958 2451 2192 2514 sensu;
2252 2452 2330 2497 ex

834 2541 1011 2616 parte
1039 2541 1253 2598 autem
1283 2533 1542 2596 termini
1573 2537 1662 2595 ad
1690 2554 1902 2614 quem,
1935 2534 2194 2616 ponitur
2224 2550 2333 2595 no-

833 2651 984 2696 men
1013 2631 1354 2713 designans
1389 2638 1680 2695 naturam
1716 2631 1977 2714 speciei,
2009 2639 2073 2694 et
2103 2647 2330 2713 prono·

835 2749 984 2793 men
1023 2747 1150 2794 non
1191 2730 1760 2794 demonstrativum
1801 2730 1995 2812 hujus
2039 2729 2330 2792 substan-

834 2829 939 2893 tiae
988 2836 1177 2911 prout
1215 2837 1315 2892 est
1355 2828 1475 2891 sub
1525 2837 1944 2902 sacramento,
1985 2829 2094 2890 sed
2146 2836 2335 2910 prout

835 2934 933 2991 est
963 2926 1192 2990 Christi
1225 2927 1292 2988 in
1321 2927 1579 3009 propria
1608 2926 1822 3008 specie
1850 2924 2149 3000 visibilis,
2183 2927 2334 3009 quia

2438 1942 3073 2006 transsubstantiatus
3131 1943 3195 2005 in
3244 1961 3497 2024 corpus.
3548 1941 3669 2006 Sed
3720 1947 3947 2003 contra

2438 2042 2559 2105 hoc
2616 2049 2735 2116 est,
2786 2041 3089 2124 quoniam
3149 2041 3331 2124 panis
3388 2039 3947 2104 transsubstantia-

2440 2149 2561 2215 ωε,
2595 2158 2721 2203 non
2762 2141 3013 2222 estjam
3052 2140 3266 2222 panis3
3304 2140 3587 2222 dumque
3618 2137 3947 2221 profertur

2438 2257 2814 2322 pronomen,
2857 2239 2999 2308 hoc,
3047 2239 3331 2302 nondum
3384 2237 3551 2301 facta
3594 2245 3692 2300 est
3736 2243 3945 2299 trans-

2441 2337 2909 2413 substantiatio,
2972 2337 3124 2421 quia
3181 2337 3316 2419 jam
3374 2337 3498 2400 alia
3554 2335 3750 2400 verba
3809 2353 3941 2399 non

2441 2444 2654 2501 essent
2696 2436 2775 2499 de
2819 2436 3097 2499 essentia
3138 2435 3379 2500 formae.
3422 2435 3625 2510 Quum
3666 2451 3821 2516 ergo
3860 2434 3945 2496 ad

2440 2554 2700 2598 sensnm
2758 2542 3034 2617 nequeat
3089 2533 3510 2598 demonstrari
3566 2533 3733 2615 quod
3792 2540 3945 2594 actu

2441 2651 2571 2697 non
2610 2633 2831 2697 subest
2858 2633 3098 2707 sensui,
3130 2650 3257 2696 non
3300 2631 3533 2714 poterit
3566 2631 3757 2694 modo
3786 2649 3949 2713 prae-

2444 2730 2572 2795 fato
2620 2731 3076 2794 demonstratio
3116 2731 3284 2793 sumi
3330 2748 3343 2792 :
3385 2729 3509 2792 nisi
3559 2728 3829 2803 dicatur,
3872 2737 3951 2791 ut

2442 2829 2552 2891 alii
2597 2830 2841 2904 dicunt,
2883 2828 3055 2912 quod
3104 2837 3275 2892 totus
3324 2847 3548 2891 sensus
3596 2826 3949 2890 locutionis

2442 2935 2507 2991 et
2550 2928 2837 2991 omnium
2898 2928 3173 3010 partium
3221 2927 3385 3009 ejus,
3436 2927 3523 2990 sit
3567 2925 3947 2990 referendus

835 3026 928 3089 sic
959 3023 1156 3089 verba
1195 3023 1416 3087 formae
1455 3022 1908 3106 pronuntiavit.
1945 3023 2120 3086 Unde
2162 3031 2333 3105 patet
2368 3022 2411 3087 C
2440 3027 2519 3090 ad
2570 3027 2871 3089 ultimum
2918 3027 3162 3088 instans
3213 3024 3750 3109 pronuntiationis
3799 3043 3947 3088 vcr-

835 3123 1006 3207 quod
1052 3140 1330 3205 congrue
1375 3121 1580 3186 forma
1621 3122 1741 3185 ista
1783 3121 2074 3185 consistit
2115 3122 2183 3186 in
2232 3122 2332 3185 his

836 3229 1108 3305 quatuor
1156 3221 1369 3284 verbis
1422 3238 1438 3283 ε
1487 3222 1618 3284 Hoc
1665 3228 1762 3284 est
1809 3238 2041 3304 corpus
2091 3240 2327 3284 meum.

907 3320 972 3383 Si
1004 3327 1218 3384 autem
1249 3318 1748 3402 quaeratur,quid
1781 3319 2070 3400 designat
2094 3320 2156 3402 ly
2180 3320 2330 3399 hoc3

835 3418 1203 3493 dicendum,
1246 3418 1416 3500 quod
1457 3417 1536 3481 de
1577 3418 1698 3481 hoc
1747 3418 2082 3501 multiplex
2131 3425 2335 3481 exstat

835 3517 1073 3599 opinio.
1110 3516 1375 3591 Quidam
1407 3516 1581 3579 enim
1612 3516 1854 3590 dicunt,
1887 3515 2059 3598 quod
2089 3517 2333 3579 nullam

835 3613 991 3678 facit
1035 3614 1664 3689 demonstrationem,
1714 3614 1866 3696 quia
1923 3614 2336 3677 materialiter

837 3713 1133 3787 sumitur,
1165 3730 1241 3775 eo
1271 3711 1438 3794 quod
1472 3711 1666 3775 verba
1695 3712 1806 3773 illa
1834 3712 2162 3775 recitative
2192 3730 2334 3795 pro-

835 3810 1123 3875 ferantur
1164 3829 1201 3874 a
1241 3809 1584 3873 sacerdote.
1628 3810 1802 3884 Quod
1848 3817 2013 3873 stare
2057 3827 2184 3873 non
2230 3830 2334 3873 va-

839 3910 942 3985 let,
993 3909 1145 3991 quia
1191 3908 1284 3972 sic
1332 3907 1528 3971 verba
1585 3908 1694 3971 illa
1741 3908 2031 3971 ordinem
2081 3908 2333 3971 nullum

839 4008 1145 4072 haberent
1186 4007 1264 4070 ad
1309 4006 1638 4070 materiam
1690 4006 1777 4068 ibi
1829 4014 2230 4090 praesentem‚
2274 4016 2337 4071 et

839 4107 927 4170 ita
963 4124 1090 4169 non
1130 4106 1317 4169 fieret
1354 4114 1846 4178 sacramentum,
1880 4124 2078 4187 quum
2117 4114 2334 4169 tamen

2441 3126 2692 3199 borum,
2726 3126 2876 3207 quia
2914 3143 3030 3208 pro
3066 3126 3176 3188 illo
3214 3125 3474 3188 instanti
3514 3142 3629 3207 pro
3668 3142 3797 3207 quo
3838 3142 3947 3187 res

2441 3232 2555 3297 est,
2588 3224 2781 3286 habet
2810 3223 3045 3287 locutio
3073 3222 3426 3286 veritatem.
3460 3223 3697 3305 Estque
3724 3222 3945 3286 simile

2442 3340 2643 3404 quum
2674 3321 2928 3395 dicitur,
2960 3321 3141 3384 Nunc
3169 3328 3368 3397 taceo,
3398 3321 3521 3395 vel,
3546 3321 3727 3384 Nunc
3756 3320 3942 3397 bibo,

2442 3422 2495 3485 si
2528 3420 2741 3483 statim
2772 3427 2981 3483 tacere
3010 3428 3120 3482 aut
3150 3427 3367 3502 potare
3398 3419 3679 3502 incipiat.
3698 3419 3947 3483 Verum

2442 3538 2561 3581 nec
2601 3518 2720 3581 hoc
2760 3525 2925 3580 stare
2968 3525 3196 3599 potest,
3228 3519 3379 3599 quia
3419 3518 3770 3581 secundum
3815 3517 3947 3580 hoc

2442 3616 2829 3698 significatio
2858 3616 3087 3679 horum
3117 3616 3459 3679 verborum
3492 3632 3949 3698 praesuppone-

2443 3721 2540 3777 ret
2571 3713 3338 3777 transsubstantiationem
3364 3714 3495 3795 Jam
3527 3712 3949 3795 factam,ergo

2442 3812 2679 3875 virtute
2717 3812 3059 3875 verborum
3104 3829 3229 3875 non
3274 3810 3465 3875 fieret
3496 3831 3510 3876 :
3544 3812 3676 3875 imo
3714 3830 3951 3875 secun-

2444 3910 2597 3973 dum
2660 3910 2781 3973 hoc
2843 3929 3067 3973 sensus
3136 3910 3475 3973 locutionis
3536 3917 3724 3984 esset,
3784 3909 3945 3974 Cor·

2444 4029 2565 4093 pus
2616 4028 2833 4072 meum
2879 4017 2975 4072 est
3016 4027 3247 4092 corpus
3297 4028 3511 4072 meum
3556 4027 3571 4071 :
3612 4010 3784 4091 quod
3827 4010 3947 4073 ho-

2444 4128 2589 4171 rum
2631 4108 2866 4172 virtute
2908 4108 3249 4171 verborum
3292 4125 3421 4171 non
3461 4106 3557 4169 fit.

837 4212 1076 4269 asserat
1119 4203 1513 4285 Augustinus
1566 4220 1580 4265 :
1631 4203 1893 4266 Accedit
1939 4204 2208 4267 verbum
2254 4206 2331 4267 ad
2364 4204 2414 4266 D
2524 4207 2683 4269 Hinc
2725 4206 2909 4269 aliter
2948 4214 3044 4269 est
3081 4206 3446 4279 dicendum,
3480 4206 3651 4287 quod
3692 4206 3951 4270 scilicet

837 4304 1252 4373 elementum,
1303 4310 1367 4365 et
1420 4300 1500 4365 fit
1555 4308 2042 4364 sacramentum.
2097 4302 2333 4365 Eadem

840 4419 1096 4485 quoque
1143 4399 1494 4463 difficultas
1543 4407 1755 4463 manet
1802 4400 1881 4461 de
1929 4401 2143 4463 verbis
2196 4401 2335 4464 istis

841 4506 1032 4583 prout
1077 4498 1338 4561 fuerunt
1385 4517 1422 4561 a
1471 4497 1718 4562 Christo
1765 4497 2024 4579 prolata.
2058 4534 2140 4545 -—
2175 4500 2336 4562 Hinc

837 4599 950 4661 alii
1007 4598 1254 4671 dicunt,
1304 4597 1473 4679 quod
1529 4596 1685 4659 facit
1731 4596 2334 4662 demonstrationem

838 4698 918 4760 ad
977 4696 1396 4769 intellectum,
1449 4702 1519 4756 ut
1565 4694 1648 4756 sit
1697 4713 1942 4768 sensuS,
1994 4697 2164 4778 quod
2223 4715 2338 4779 per

839 4798 1012 4859 hunc
1056 4812 1287 4878 panem
1330 4793 1432 4857 vel
1483 4812 1596 4875 per
1636 4793 1749 4855 has
1795 4793 2040 4876 species
2089 4795 2337 4877 signifi-

840 4903 1040 4969 catur,
1081 4900 1180 4957 est
1221 4911 1454 4974 corpus
1503 4910 1739 4955 meum.
1784 4892 1911 4955 Nec
1959 4893 2080 4956 hoc
2130 4902 2337 4976 potest

839 4990 1092 5067 salvari,
1144 4991 1295 5073 quia
1350 5009 1551 5073 quum
1610 4989 1676 5052 in
1735 4992 2150 5055 sacramentis
2206 5009 2335 5055 non

838 5089 1165 5155 efficiatur
1209 5089 1335 5153 nisi
1385 5090 1553 5171 quod
1611 5108 1726 5172 per
1771 5089 1966 5153 verba
2021 5091 2339 5173 significa-

838 5197 964 5264 tur,
983 5195 1357 5271 sequeretur
1386 5189 1557 5269 quod
1585 5187 1820 5251 virtute
1851 5188 2165 5252 dictorum
2200 5210 2338 5253 ver-

839 5286 1069 5351 borum
1113 5304 1236 5350 non
1279 5286 1466 5351 fieret
1503 5303 1734 5369 corpus
1774 5286 2006 5350 Christi
2049 5287 2112 5349 in
2153 5288 2335 5351 altari

2444 4323 2518 4370 ea
2553 4324 2697 4387 quae
2734 4312 2884 4368 sunt
2922 4305 2987 4367 in
3028 4322 3204 4380 voce,
3238 4306 3798 4387 proportionantur
3837 4306 3949 4370 his

2444 4424 2587 4486 quae
2625 4404 2938 4467 exsistunt
2970 4403 3035 4465 in
3074 4404 3306 4467 anima.
3342 4404 3685 4488 Conceptio
3723 4411 3945 4468 autem

2444 4502 2675 4567 animae
2712 4501 2963 4565 duobus
3005 4502 3210 4566 modis
3254 4522 3321 4567 se
3360 4503 3571 4567 habet.
3606 4504 3836 4577 Primo,
3868 4514 3949 4567 ut

2445 4600 2918 4683 repraesentatio
2955 4600 3046 4663 rei
3075 4608 3346 4676 tantum,
3381 4602 3547 4664 sicut
3576 4610 3673 4665 est
3706 4604 3771 4664 in
3806 4621 3949 4665 om-

2446 4700 2637 4762 nibus
2668 4698 3139 4780 cognitionibus
3168 4700 3449 4782 acceptis
3478 4720 3515 4762 a
3544 4701 3737 4763 rebus
3770 4719 3785 4763 :
3818 4702 3949 4764 sic-

2446 4816 2572 4880 que
2615 4798 2844 4861 veritas
2890 4798 3324 4880 conceptionis
3368 4800 3805 4882 praesupponit
3847 4802 3947 4865 rei

2447 4897 2774 4961 entitatem
2822 4904 3124 4979 tanquam
3174 4897 3499 4980 propriam
3547 4916 3945 4975 mensuram,

2446 5003 2518 5058 ut
2546 4994 2797 5058 decimo
2826 4994 3267 5078 Metaphysicae
3296 4995 3566 5076 dicitur3
3603 5004 3793 5079 atque
3824 5018 3949 5080 per

2447 5093 2707 5156 modum
2758 5093 3127 5175 hujusmodi
3178 5095 3667 5176 conceptionum
3718 5114 3787 5159 se
3835 5096 3951 5160 ha-

2446 5191 2601 5253 bent
2640 5190 2990 5254 locutiones
3032 5210 3174 5273 quae
3217 5190 3425 5254 solum
3465 5210 3656 5255 causa
3696 5193 3949 5275 signifi—

2446 5289 2714 5353 cationis
2752 5288 3180 5371 proferuntur.
3216 5289 3357 5353 Alio
3390 5291 3577 5354 modo
3606 5293 3947 5375 conceptio
