4267 6250
806 458 923 522 118
1742 473 1918 522 unm
1956 474 2019 521 ιν
2060 472 2545 521 ειςΝπΝτ-ωιωι.
2587 490 2668 503 -
2707 472 2862 521 msr.
2902 471 2966 519 xv

967 689 1039 753 C.
1098 693 1461 759 Quomodo
1510 688 1977 765 intelliaatur
2023 688 2234 760 illud,
2284 686 2639 762 Quotquot
2683 688 2762 748 in
2805 685 3090 747 Christo
3140 684 3502 758 baptizati
3545 683 3747 757 esur,

1970 803 2343 866 Christum
2379 803 2744 865 induistis.

516 1031 780 1088 flugmsffl.
942 1001 1274 1077 Quaeritur
1321 1017 1499 1081 ergO,
1542 996 1875 1080 quomodo
1918 997 2083 1060 illud
2128 996 2534 1078 accipiatur:
2569 995 2911 1076 Quotquot
2957 994 3026 1057 in
3054 994 3314 1059 Christo
3365 993 3676 1076 baptizati
3725 994 3909 1072 estiS,

512 1094 781 1207 ῗζάξῗζᾉ,
810 1118 1145 1182 Christum
1177 1116 1507 1179 induistis.
1550 1114 1777 1199 Potest
1812 1112 1966 1192 dici,
2002 1111 2181 1193 quod
2209 1112 2324 1193 qui
2362 1112 2433 1175 in
2469 1111 2754 1192 Christo,
2789 1111 2856 1175 id
2899 1113 2999 1175 est
3038 1112 3107 1174 in
3145 1111 3388 1174 Christi
3427 1110 3912 1189 conformitate,

516 1221 701 1327 ,ffffl'
722 1233 781 1271 ¹¹¹·
808 1234 1244 1316 baptizantur,
1282 1232 1533 1297 scilicet
1566 1231 1638 1293 ut
1686 1230 2051 1293 moriantur
2087 1228 2398 1292 vetustati
2446 1228 2721 1309 peccati,
2753 1228 2923 1292 sicut
2970 1228 3271 1291 Christus
3318 1228 3629 1291 vetustati
3675 1244 3911 1309 poenae,

807 1350 1092 1415 induunt
1128 1344 1487 1427 Christum,
1527 1364 1725 1429 quem
1777 1363 1895 1429 per
1939 1345 2220 1427 gratiam
2267 1344 2744 1408 inhabitantem
2784 1343 3049 1407 habent.
3087 1343 3318 1408 Potest
3364 1343 3429 1407 et
3473 1342 3662 1407 aliter
3715 1342 3910 1405 solvi.

808 1467 1086 1532 Duobus
1114 1466 1291 1531 enim
1328 1466 1545 1530 modis
1574 1464 1911 1528 Christum
1948 1462 2220 1526 induere
2248 1461 2552 1541 dicimur,
2593 1459 2699 1525 vel
2740 1460 3192 1542 assumptione
3231 1459 3644 1541 sacramenti,
3675 1459 3783 1523 vel
3821 1459 3916 1523 rei

570 1607 678 1663 Aug.
705 1607 759 1650 (ιο
807 1583 1245 1666 perceptione.
1298 1582 1485 1645 Unde
1541 1580 1956 1661 Augustinus
2002 1599 2015 1640 :
2063 1578 2358 1642 Induunt
2408 1577 2715 1640 homines
2769 1577 3108 1641 Christum
3161 1575 3514 1658 aliquando
3569 1593 3781 1657 usque
3831 1576 3920 1639 ad

515 1669 783 1775 ffip‘hoffiss
808 1698 1199 1764 sacramenti
1254 1696 1765 1780 perceptionem,
1815 1695 2170 1777 aliquando
2222 1710 2434 1774 usque
2493 1694 2577 1755 ad
2629 1693 2784 1757 vitae
2841 1692 3462 1772 sanctificationem3
3505 1694 3703 1773 atque
3750 1691 3920 1756 illud

514 1795 778 1846 ¹⁵¹³·''¹¹·³⁴·
806 1816 1098 1899 primum
1128 1814 1320 1878 bonis
1350 1814 1414 1878 et
1454 1812 1649 1876 malis
1685 1813 1901 1895 potest
1933 1829 2075 1875 esse
2118 1826 2494 1890 commune,
2535 1810 2660 1873 hoc
2705 1810 2925 1873 autem
2965 1810 3067 1873 θεῖ
3109 1809 3452 1890 proprium
3488 1808 3816 1873 bonorum
3852 1810 3922 1872 et

807 1932 1094 2014 piorum.
1150 1931 1398 1995 Omnes
1452 1946 1607 2010 crgo
1666 1928 1783 2009 qui
1840 1928 1911 1990 in
1958 1926 2203 1990 Christi
2254 1925 2524 1989 nomine
2577 1925 3014 2007 baptizantur,
3069 1924 3404 1989 Christum
3469 1924 3754 1988 induunt
3813 1925 3918 1989 vel

808 2048 1173 2112 secundum
1220 2046 1611 2111 sacramenti
1658 2045 2171 2127 perceptionem,
2222 2042 2326 2106 vel
2363 2042 2728 2106 secundum
2774 2042 2928 2106 vitae
2975 2036 3581 2105 sanctificationem.

1236 2279 1319 2342 D.
1372 2282 1475 2343 De
1520 2282 1677 2343 illis
1720 2282 1847 2355 qui
1890 2278 2300 2352 suscipiunt
2339 2291 2532 2353 rem,
2581 2279 2654 2341 et
2695 2292 2846 2341 non
2891 2278 3476 2341 sacramentum.

542 2520 683 2577 3030,
706 2520 779 2564 ..bg
942 2485 1112 2551 Sunt
1147 2486 1214 2550 θῖ
1248 2484 1387 2565 alii,
1426 2484 1503 2548 ut
1544 2500 1744 2566 supra
1779 2483 2152 2564 posuimuS,
2186 2482 2302 2563 qui
2340 2480 2713 2562 suscipiunt
2747 2498 2910 2560 rem,
2955 2481 3021 2545 et
3067 2497 3199 2544 non
3247 2483 3752 2545 sacramentum.
3788 2483 3924 2557 Qui

513 2596 659 2638 ‘⁰⁹³⁸'
808 2604 989 2669 enim
1042 2601 1389 2667 effundunt
1436 2600 1825 2682 sanguinem
1873 2616 1992 2681 pro
2042 2598 2312 2661 nomine
2365 2598 2548 2679 Jesu,
2595 2598 2719 2661 etsi
2766 2613 2898 2661 non
2949 2599 3455 2678 sacramentum,
3509 2616 3646 2663 rem
3695 2600 3923 2664 tamen

527 2742 783 2800 Aug.deci-
808 2720 1159 2802 accipiunt.
1194 2717 1383 2781 Unde
1429 2716 1843 2798 Augustinus
1884 2736 1898 2777 :
1942 2714 2358 2795 Quicumque
2405 2730 2539 2776 non
2574 2716 2880 2795 percepto
2927 2713 3439 2795 regenerationis
3484 2713 3766 2796 lavacro,
3797 2732 3925 2797 pro

512 2807 1221 2923 1}‡;¹2⁸⁵7¹¹¹’·confessione
1264 2833 1508 2897 Christi
1540 2833 1935 2913 moriuntur,
1976 2832 2236 2893 tantum
2275 2831 2370 2894 eis
2408 2829 2582 2893 valet
2623 2830 2706 2893 ad
2743 2830 3132 2893 dimittenda
3167 2832 3454 2912 peccata,
3500 2835 3822 2913 quantum
3861 2834 3925 2896 si

808 2949 1229 3014 abluerentur
1250 2967 1434 3013 sacro
1474 2948 1653 3011 fonte
1684 2948 2030 3029 Baptismi.
2055 2946 2380 3027 Audistis,
2411 2947 2589 3027 quod
2625 2947 2845 3027 passio
2875 2964 2994 3027 pro
3025 2946 3268 3011 Christi
3295 2948 3563 3012 nomine
3587 2950 3922 3031 suscepta,

808 3065 1074 3148 supplet
1113 3066 1323 3130 vicem
1363 3064 1711 3147 Baptismi.
1751 3100 1840 3109 —
1876 3064 2013 3128 Nec
2055 3064 2315 3127 tantum
2364 3063 2585 3147 passio
2637 3063 2850 3127 vicem
2900 3062 3224 3145 Baptismi
3263 3063 3519 3146 implet,
3559 3066 3674 3129 sed
3717 3066 3922 3130 etiam

809 3181 973 3246 fides
1011 3183 1075 3245 θῖ
1112 3181 1442 3258 contritio,
1466 3179 1580 3244 ubi
1609 3181 1963 3244 necessitas
1990 3181 2284 3246 excludit
2311 3182 2818 3262 sacramentum,
2842 3181 3015 3244 sicut
3040 3183 3261 3263 aperte
3289 3181 3480 3246 docet
3507 3183 3929 3264 Augustinus

516 3320 645 3363 lade
660 3319 782 3374 Βῳι.
810 3298 1036 3361 dicens
1068 3317 1083 3358 :
1126 3297 1449 3378 Baptismi
1488 3296 1701 3360 vicem
1729 3296 2081 3379 aliquando
2121 3297 2394 3379 implere
2431 3297 2832 3378 passionem,
2863 3296 2945 3361 de
2974 3297 3222 3361 latrone
3251 3297 3365 3361 illo
3405 3299 3512 3361 cui
3541 3316 3674 3362 non
3709 3299 3933 3382 bapti-

515 3451 591 3490 ω
630 3445 706 3489 m„
728 3405 787 3496 w]
812 3417 957 3477 zato
997 3415 1248 3478 dictum
1300 3416 1421 3493 est,
1466 3412 1680 3478 Hodie
1719 3431 1981 3478 mecum
2034 3414 2167 3477 eris
2221 3414 2290 3476 in
2339 3415 2666 3496 paradiso,
2706 3413 2783 3476 B.
2835 3415 3204 3496 Cyprianus
3240 3415 3306 3478 in
3346 3415 3513 3479 libro
3565 3419 3798 3498 quarto
3841 3419 3930 3482 de

516 3524 784 3623 'iugum'
813 3531 1156 3613 Baptismo
1196 3547 1330 3594 non
1365 3530 1510 3595 leve
1546 3531 2019 3594 documentum
2054 3530 2359 3594 assumit.
2395 3530 2584 3604 Quod
2617 3531 2814 3594 etiam
2854 3533 3050 3611 atque
3088 3532 3284 3594 etiam
3325 3549 3445 3613 ego
3475 3533 3929 3614 considerans,

517 3639 586 3680 *3-
812 3648 1077 3711 invenio
1108 3664 1239 3710 non
1276 3649 1535 3710 tantum
1564 3647 1941 3728 passionem
1973 3665 2093 3728 pro
2136 3646 2406 3710 nomine
2435 3647 2702 3726 Christi,
2746 3646 2813 3709 id
2851 3647 3028 3727 quod
3064 3647 3402 3728 Baptismo
3442 3647 3684 3728 deerat,
3729 3667 3933 3730 posse

812 3763 1142 3846 supplere,
1174 3764 1289 3826 sed
1320 3763 1519 3826 etiam
1556 3763 1757 3826 fidem
1801 3763 2430 3843 conversionemque
2473 3762 2711 3842 cordiS,
2754 3763 2812 3827 si
2853 3763 3020 3826 forte
3056 3763 3139 3824 ad
3183 3761 3640 3826 celebrandum
3671 3767 3934 3845 myste-

811 3879 987 3943 rium
1018 3878 1366 3961 Baptismi,
1399 3880 1467 3942 in
1497 3880 1821 3961 angustiis
1856 3881 2232 3960 temporum
2263 3879 2555 3942 succurri
2584 3894 2715 3941 non
2746 3881 2984 3960 potest.
3002 3879 3230 3961 Neque
3261 3880 3436 3943 enim
3467 3880 3578 3944 ille
3607 3880 3773 3944 latro
3805 3899 3932 3963 pro

812 3995 1081 4060 nomine
1119 3995 1363 4060 Christi
1402 3996 1756 4060 crucifixus
1794 3996 1915 4076 est,
1948 3994 2064 4059 sed
2092 4011 2212 4077 pro
2245 3995 2498 4058 meritis
2530 3995 2893 4058 facinorum
2924 4013 3232 4078 suorum3
3271 4013 3391 4060 nec
3427 3996 3583 4078 quia
3621 3995 3930 4077 credidit,

546 4133 705 4206 jan-m
727 4132 788 4175 vi·
813 4130 1049 4194 passus
1088 4113 1208 4192 est,
1241 4113 1357 4176 sed
1394 4112 1556 4174 dum
1592 4113 1863 4194 patitur,
1908 4111 2131 4175 credit.
2168 4111 2503 4186 Quantum
2543 4129 2695 4193 ergo
2729 4110 2890 4176 fides
2919 4113 3133 4176 valeat
3162 4113 3303 4176 sine
3341 4113 3624 4178 visibilis
3645 4113 3666 4135 “
3697 4113 3934 4195 Bapti-

520 4210 652 4301 Ἄρη..
670 4261 786 4310 mo,
814 4229 943 4292 smi
972 4229 1380 4292 sacramento
1406 4227 1613 4308 (quod
1639 4227 2001 4309 Apostolus
2030 4227 2145 4307 ait,
2164 4227 2372 4298 Corde
2401 4227 2688 4292 creditur
2716 4227 2799 4290 ad
2821 4227 3176 4309 justitiam,
3201 4246 3312 4293 ore
3343 4231 3564 4294 autem
3593 4231 3932 4296 confessio

813 4343 891 4407 fit
924 4344 1007 4406 ad
1044 4341 1375 4424 salutem),
1419 4344 1488 4404 in
1520 4342 1633 4405 illo
1674 4343 1924 4406 latrone
1954 4342 2355 4406 declaratum
2388 4346 2506 4407 θεῖ.
2543 4344 2670 4408 Sed
2709 4344 2865 4407 tunc
2895 4344 3207 4424 impletur
3243 4345 3682 4426 invisibiliter,
3712 4365 3928 4428 quum

815 4459 1208 4540 mysterium
1250 4459 1575 4540 Baptismi
1617 4475 1749 4521 non
1786 4461 2204 4541 contemptus
2243 4459 2605 4542 religioniS,
2637 4460 2753 4524 sed
2800 4460 3117 4524 articulus
3152 4462 3560 4525 necessitatis
3606 4463 3931 4528 excludit.

517 4600 785 4655 Aug.op.oit.
814 4577 902 4640 Et
937 4575 1321 4658 Baptismus
1358 4575 1627 4658 quidem
1679 4577 1895 4658 potest
1933 4593 2099 4656 esse,
2147 4576 2258 4639 ubi
2309 4577 2649 4641 conversio
2699 4576 2915 4640 cordis
2962 4577 3286 4659 defuerit3
3326 4579 3666 4643 conversio
3701 4582 3936 4645 autem

516 4666 651 4708 ΜΞ·
816 4693 1032 4758 cordis
1078 4693 1293 4774 potest
1336 4692 1604 4774 quidem
1650 4693 1866 4756 inesse
1902 4709 2034 4756 non
2073 4695 2378 4774 percepto
2426 4693 2794 4775 Baptism0,
2835 4694 2951 4758 sed
2990 4695 3363 4776 contempto
3412 4694 3754 4776 Baptismo
3791 4713 3938 4762 non

812 4812 1050 4894 potest.
1092 4810 1229 4874 Nec
1266 4809 1403 4872 ullo
1442 4809 1639 4884 modo
1668 4809 1945 4873 dicenda
1974 4810 2072 4873 θεῖ
2110 4810 2452 4874 conversio
2497 4810 2712 4874 cordis
2749 4810 2832 4874 ad
2870 4812 3111 4890 Deum,
3143 4828 3352 4891 quum
3389 4811 3513 4875 Dei
3551 4829 3938 4876 sacramen-

811 4929 956 4991 tum
994 4926 1457 4991 contemnitur.
1491 4927 1657 4989 Ecce
1695 4926 1805 4990 hic
1844 4926 2047 4990 habes
2075 4944 2210 4989 non
2247 4927 2465 4990 solum
2504 4929 2904 5009 passionem,
2940 4928 3055 4991 sed
3095 4926 3290 4990 etiam
3337 4928 3534 4991 fidem
3572 4931 3636 4991 6ῖ
3674 4930 3935 4993 contri-

810 5044 1060 5108 tionem
1098 5042 1393 5106 conferre
1429 5042 1911 5122 remissionem,
1948 5042 2061 5107 ubi
2104 5061 2238 5107 non
2277 5044 2721 5108 contemnitur
2757 5043 3263 5122 sacramentum,
3297 5044 3372 5107 ut
3408 5045 3476 5107 in
3517 5044 3767 5108 latrone
3805 5045 3930 5112 illo

514 5233 777 5279 mmm·
809 5159 1197 5239 ostenditur,
1223 5159 1338 5240 qui
1367 5175 1500 5220 non
1536 5176 1653 5240 per
1681 5159 2080 5240 passionem,
2115 5160 2231 5222 sed
2259 5177 2376 5240 per
2411 5159 2608 5223 fidem
2650 5158 2941 5222 salvatus
2980 5160 3078 5222 est
3107 5158 3249 5222 sine
3277 5159 3762 5271 Baptismox—
3789 5163 3930 5228 Sed

511 5296 776 5350 numam.
806 5278 1034 5342 dicunt
1070 5276 1339 5358 quidam
1378 5275 1505 5339 hoc
1541 5277 1920 5341 retractasse
1948 5273 2421 5358 Augustinum.
2455 5275 2859 5340 Retractavit
2895 5274 3162 5356 quidem
3203 5275 3604 5358 exemplum,
3637 5279 3752 5342 sed
3781 5297 3924 5344 non
