4267 6250
959 526 1185 583 Qusssr.
1229 527 1292 572 lv
1335 527 1352 571 :
1391 523 1474 573 DE
1511 523 1872 572 BFRGHBUS
1911 523 2299 572 smmum!
2340 523 2759 573 Encmmsrffl

3286 507 3409 576 333

285 692 642 775 quantitaS,
671 695 760 758 ita
786 704 851 759 et
879 696 1108 760 fractio
1133 715 1306 772 vera,
1329 714 1456 759 non
1485 703 1700 759 tamen
1737 695 1801 757 in
1833 692 1884 758 Α
1911 695 2113 777 tangit
2168 696 2426 759 divinus
2485 695 2825 780 Dionysius
2880 695 3070 760 tertio
3128 694 3408 778 capitulo

287 791 814 857 dimensionibus
843 795 1128 876 corporis
1158 793 1804 876 Christi.—Denique

286 886 524 954 fractio
553 890 666 953 illa
693 892 981 974 designat
1007 893 1384 956 dominicam
1419 893 1800 976 passionem,

286 996 352 1050 et
381 998 518 1050 tres
549 988 676 1054 illae
705 991 1034 1073 particulae
1063 992 1284 1055 hostiae
1315 999 1696 1054 consecratae
1723 991 1806 1053 si-

283 1084 610 1167 gnificant
639 1095 768 1150 tres
797 1097 1010 1172 partes
1039 1089 1290 1173 mystici
1321 1090 1606 1171 corporis
1636 1088 1806 1152 Chri-

287 1186 396 1259 sti,
429 1195 590 1268 puta
635 1187 958 1264 Ecclesiae,
991 1189 1178 1270 cujus
1223 1207 1350 1251 una
1395 1207 1542 1270 pars
1583 1195 1802 1268 regnat

291 1284 358 1345 in
389 1283 599 1359 coeliS,
632 1285 756 1348 alia
785 1287 1059 1368 quiescit
1090 1287 1154 1348 in
1187 1305 1302 1368 spe
1333 1286 1398 1348 in
1431 1303 1802 1348 monumen-

290 1381 398 1455 tis,
447 1383 638 1445 tertia
680 1391 972 1447 versatur
1013 1385 1076 1447 in
1127 1384 1344 1447 labore
1389 1402 1463 1446 ac
1511 1384 1800 1447 tentatio-

291 1499 450 1542 num
499 1482 808 1563 periculo.
855 1483 998 1546 Haec
1039 1483 1496 1546 Bonaventura.

369 1579 728 1643 Concordat
773 1581 1093 1656 Albertus,
1137 1582 1252 1664 qui
1295 1581 1474 1643 addit
1525 1598 1540 1643 :
1587 1580 1803 1644 Come-

289 1676 416 1739 stio
461 1678 667 1740 multa
717 1678 1012 1754 includit,
1044 1687 1196 1762 puta
1239 1679 1621 1741 divisionem
1673 1679 1798 1742 cibi

293 1793 408 1857 per
463 1777 714 1852 denteS‚
777 1778 1308 1852 masticationem,
1357 1777 1798 1858 trajectionem

1913 793 2371 858 Ecclesiasticae
2400 795 2787 858 hierarchiae.
2804 795 2881 857 Et
2904 795 3081 876 juxta
3109 794 3225 857 hoc
3254 793 3412 857 acci-

1912 893 2086 975 pitur
2115 893 2500 974 significatio
2530 893 2809 976 partium
2838 893 3187 956 secundum
3215 893 3413 956 diver-

1911 1009 2056 1052 sum
2085 999 2315 1054 statum
2348 991 3115 1074 membrorum,quoniam
3146 991 3409 1074 quidam

1912 1088 2118 1151 adhuc
2149 1089 2377 1152 vivunt
2414 1090 2479 1152 in
2520 1107 2805 1172 corpore,
2840 1097 2904 1152 et
2940 1090 3006 1152 hi
3046 1087 3413 1171 significan·

1911 1195 2016 1248 tur
2045 1206 2161 1270 per
2188 1196 2433 1270 partem
2468 1207 2609 1271 quae
2639 1188 3182 1269 comeditur‚quia
3207 1187 3413 1249 diver-

1911 1284 1998 1347 sis
2059 1284 2534 1367 poenalitatibus
2590 1293 2971 1360 atteruntur,
3020 1291 3295 1367 suntque
3344 1284 3409 1346 in

1914 1391 2090 1445 motu
2148 1392 2219 1446 ut
2274 1383 2523 1448 Christo
2580 1383 3083 1466 incorporentur.
3141 1383 3405 1457 Quidam

1911 1489 2061 1543 sunt
2109 1482 2369 1556 mortui,
2413 1483 2523 1565 qui
2574 1490 2725 1544 sunt
2772 1482 2837 1544 in
2885 1481 3251 1544 differentia
3297 1480 3409 1542 du-

1911 1579 2084 1662 plici.
2119 1580 2277 1643 Nam
2317 1580 2577 1663 quidam
2622 1588 2773 1642 sunt
2817 1581 2881 1641 in
2926 1579 3116 1662 plena
3157 1579 3409 1661 partici-

1911 1678 2165 1759 patione
2212 1678 2456 1753 salutiS‚
2488 1686 2551 1741 et
2596 1679 2715 1741 hoc
2760 1685 2855 1740 est
2899 1695 3131 1759 corpus
3175 1676 3409 1742 Christi

1911 1776 2080 1858 quod
2119 1777 2253 1857 jam
2296 1776 2593 1850 surrexit,
2636 1785 2707 1839 ut
2748 1776 3036 1840 Christus
3074 1783 3138 1838 et
3179 1774 3409 1838 beatis·

291 1873 358 1935 in
405 1882 728 1950 ventrem,
766 1875 1190 1957 digestionem
1237 1885 1302 1938 et
1350 1875 1800 1958 incorporatio·
1833 1877 1882 1939 Β
1911 1875 2074 1937 sima
2101 1875 2323 1956 Virg03
2355 1883 2419 1937 et
2448 1875 2512 1937 hi
2546 1873 2991 1956 significantur
3021 1893 3135 1956 per
3160 1883 3407 1956 partem

293 1988 480 2050 nem3
514 1979 578 2034 et
621 1979 874 2035 tantum
921 1974 1176 2056 passive
1221 1974 1594 2037 conceditur
1629 1974 1800 2056 quod
1911 1971 1974 2034 in
2009 1973 2207 2036 calice
2238 1973 2520 2048 missam,
2552 1973 2855 2055 quoniam
2886 1972 2979 2034 illi
3013 1972 3410 2035 inebriantur

295 2087 530 2152 corpus
561 2070 798 2134 Christi
831 2072 1188 2135 comeditur
1211 2072 1454 2134 ratione
1484 2071 1800 2153 trajectio·
1907 2070 1990 2133 ab
2039 2071 2326 2134 ubertate
2372 2071 2601 2134 domus
2650 2069 2781 2134 Dei.
2827 2071 3092 2144 Quidam
3142 2079 3293 2134 sunt
3340 2072 3405 2134 in

295 2168 392 2228 nis
441 2168 642 2231 illius.
673 2169 1093 2252 Berengarius
1133 2187 1389 2252 quoque
1433 2170 1499 2232 in
1543 2170 1798 2251 signum

294 2265 736 2330 detestationis
781 2267 1036 2349 pristini
1083 2267 1184 2330 sui
1233 2268 1488 2342 erroris,
1539 2286 1654 2351 per
1697 2287 1800 2331 ex-

295 2381 548 2428 cessum
591 2365 925 2429 confessus
962 2375 1059 2429 est
1101 2383 1332 2448 corpus
1371 2366 1602 2430 Christi
1648 2368 1799 2430 den-

295 2461 466 2526 tibus
494 2464 710 2536 atteri‚
745 2464 1171 2547 manibusque
1199 2465 1454 2528 tractari
1496 2473 1558 2528 et
1589 2465 1800 2528 masti-

296 2561 444 2624 cari.
491 2562 642 2626 Haec
683 2562 1002 2625 AlbertuS.

372 2659 448 2722 At
478 2679 636 2723 vero
663 2661 937 2724 Thomas
962 2661 1240 2744 :Corpus
1269 2661 1538 2744 (inquit)
1566 2662 1799 2726 Christi

295 2767 392 2820 est
417 2759 541 2821 sub
571 2759 914 2842 speciebus
943 2761 1346 2834 sacramenti,
1363 2777 1488 2824 non
1523 2761 1800 2823 median-

294 2856 465 2919 tibus
493 2856 779 2940 propriis
818 2857 1328 2922 dimensionibus
1367 2859 1524 2934 suia,
1560 2860 1690 2922 imo
1725 2859 1797 2921 il-

297 2955 372 3018 1ae
409 2964 562 3019 sunt
606 2956 698 3018 ibi
745 2957 1266 3020 concomitanter.
1301 2957 1448 3020 Ideo
1484 2957 1797 3040 quidquid

1909 2170 2381 2251 exspectatione
2410 2170 2617 2252 plenae
2652 2169 3161 2252 glorificationiS,
3194 2177 3265 2231 ut
3294 2170 3406 2252 qui

1905 2267 2035 2347 jam
2069 2268 2295 2331 stolam
2326 2269 2557 2332 animae
2599 2276 2843 2331 tantum
2884 2268 3143 2343 habent,
3178 2277 3248 2332 ut
3277 2268 3407 2332 ani·

1911 2385 2031 2429 mae
2077 2366 2279 2430 beatae
2327 2367 2391 2430 in
2442 2367 2666 2450 patria,
2708 2367 2810 2430 vel
2860 2376 3176 2443 neutram,
3222 2375 3291 2430 ut
3338 2367 3404 2430 in

1909 2466 2275 2548 purgatorio
2300 2467 2750 2544 consistentes;
2773 2473 2838 2528 et
2865 2465 2931 2527 hi
2962 2466 3411 2548 significantur

1909 2582 2024 2646 per
2070 2571 2315 2646 partem
2364 2584 2506 2646 quae
2564 2571 2923 2626 reservatur
2970 2583 3175 2646 usque
3222 2565 3289 2628 in
3336 2564 3411 2628 fi-

1907 2680 2055 2724 nem
2088 2662 2310 2726 Missae.
2342 2662 2419 2724 lli
2450 2681 2727 2744 namque
2755 2661 3105 2744 perfectam
3137 2662 3405 2744 gloriam

1908 2769 2379 2843 consequentur
2410 2760 2476 2823 in
2515 2760 2671 2834 fine,
2704 2769 2767 2823 et
2806 2760 3062 2823 interim
3096 2760 3160 2823 in
3198 2762 3411 2843 sepul-

1906 2859 2032 2922 cris
2065 2859 2421 2941 quiescunt.
2456 2859 2599 2924 Haec
2626 2859 2901 2922 Thomas
2932 2859 2997 2921 in
3029 2859 3298 2942 Scripto.
3326 2895 3409 2906 -—

1905 2959 2030 3020 Ista
2072 2957 2439 3021 communia
2482 2966 2651 3032 sunt,
2686 2965 2750 3020 et
2791 2957 2885 3020 eis
2928 2957 3217 3021 doctores
3262 2975 3408 3021 con-

297 3055 594 3118 convenit
643 3055 897 3139 corpori
945 3055 1177 3119 Christi
1230 3055 1660 3119 mediantibus
1709 3055 1799 3118 di·
1828 3061 1872 3127 C
1907 3057 2169 3119 cordant
2202 3075 2215 3120 :
2252 3055 2489 3119 idcirco
2532 3074 2649 3118 nec
2692 3056 3163 3120 immorandum
3208 3065 3324 3119 est.

297 3154 738 3217 mensionibus
777 3154 934 3229 suiS,
966 3154 1086 3217 hoc
1115 3172 1243 3219 non
1275 3156 1576 3218 convenit
1604 3156 1663 3219 ei
1702 3173 1797 3217 se-

295 3253 576 3315 cundum
617 3254 790 3336 quod
830 3260 928 3315 est
955 3252 1077 3315 sub
1117 3261 1532 3318 sacramento.
1566 3255 1800 3328 Quum·

295 3369 418 3431 que
483 3351 722 3414 divisio
787 3351 1210 3434 quantitativa
1273 3351 1334 3414 ei
1403 3370 1528 3415 non
1594 3352 1800 3414 valeat

2330 3371 2805 3446 QUAESTIO
2871 3372 2978 3435 IV

295 3449 640 3511 convenire
689 3449 817 3512 nisi
873 3450 1190 3513 mediante
1249 3450 1510 3533 propria
1555 3450 1798 3513 dimen—
1913 3524 1922 3531 Ι

295 3548 494 3623 sione,
526 3547 822 3631 sequitur
863 3550 1034 3630 quod
1077 3548 1388 3612 fractione
1431 3549 1794 3632 specierum

293 3665 424 3709 non
454 3646 768 3728 frangitur
798 3665 1031 3730 corpus
1063 3646 1306 3730 ipsius:
1333 3648 1462 3711 imo
1491 3665 1609 3710 nec
1639 3647 1800 3710 fran-

293 3752 569 3823 geretur,
603 3745 902 3826 quamvis
931 3743 1238 3828 passibile
1266 3752 1456 3821 esset,
1481 3746 1648 3807 sicut
1673 3744 1798 3807 fuit

295 3840 360 3903 in
408 3842 614 3906 Coena.
647 3878 730 3888 -—
758 3843 974 3926 Aliqui
1018 3850 1230 3907 autem
1273 3844 1593 3918 dixerunt,
1626 3844 1795 3926 quod

293 3958 414 4003 nec
457 3942 708 4024 species
757 3941 1152 4023 frangantur,
1201 3942 1288 4005 ita
1345 3943 1517 4024 quod
1565 3941 1656 4004 ibi
1713 3942 1798 4004 sit

295 4038 514 4104 fractio
543 4040 686 4103 sine
717 4040 1030 4122 subjecto,
1045 4041 1221 4115 Quod
1252 4041 1377 4104 dici
1409 4059 1536 4104 non
1567 4048 1790 4123 potest,

293 4157 490 4219 quum
529 4138 762 4202 fractio
803 4139 889 4201 sit
923 4139 1186 4221 quidam
1227 4148 1436 4203 motus
1469 4158 1484 4201 :
1518 4140 1660 4203 ideo
1699 4160 1794 4203 se·

2039 3646 2216 3709 Tiam
2285 3645 2591 3727 quaeritur
2652 3646 2758 3708 hic
2815 3646 2929 3713 Do
2990 3646 3405 3717 effectibus

2064 3744 2309 3827 hujus
2346 3745 2849 3812 sacramenti.

1985 3842 2294 3917 Quocirca
2321 3841 2545 3905 asserit
2574 3842 2866 3915 Thomas,
2899 3843 3109 3925 primo
3143 3861 3403 3926 respon-

1904 3941 2061 4004 dens
2109 3940 2187 4003 ad
2234 3939 2424 4014 istud,
2458 3946 2671 4001 utrum
2723 3958 2839 4021 per
2885 3939 3006 4003 hoc
3048 3958 3404 4004 sacramen-

1903 4046 2041 4101 tum
2072 4044 2423 4120 augeantur
2450 4036 2719 4099 virtutes
2753 4054 2768 4098 :
2802 4036 3101 4120 Proprius
3128 4036 3401 4101 effectus

1903 4136 2252 4218 cujuslibet
2298 4136 2674 4198 sacramenti
2723 4136 3133 4219 accipiendus
3180 4144 3275 4200 est
3322 4156 3403 4201 ex

294 4238 570 4299 cundum
603 4237 916 4300 rationem
949 4257 1080 4301 suae
1109 4238 1346 4320 speciei
1377 4240 1647 4320 requirit
1676 4247 1794 4301 ter·
1824 4237 1873 4300 D
1903 4235 2327 4299 similitudine
2364 4234 2443 4297 ad
2476 4234 2805 4296 materiam
2842 4236 3222 4298 sacramenti
3254 4236 3405 4319 ipsi·

297 4335 538 4398 minum
571 4356 616 4395 a
645 4356 798 4415 quo,
829 4343 894 4397 et
921 4337 1268 4398 terminum
1301 4340 1390 4397 ad
1415 4357 1605 4416 quem
1619 4358 1648 4405 ,·
1676 4338 1792 4399 sic·

295 4450 414 4513 que
442 4441 700 4516 oportet
737 4433 828 4494 ibi
867 4452 1007 4496 esse
1047 4452 1247 4495 unum
1285 4434 1454 4517 quod
1495 4434 1558 4495 in
1591 4433 1792 4497 multa

294 4530 618 4605 dividitur,
661 4531 830 4613 quod
879 4539 976 4594 est
1021 4531 1350 4595 fractionis
1397 4531 1785 4613 subiectum.

370 4631 699 4705 Praeterea,
722 4631 802 4694 de
831 4630 1042 4693 causis
1072 4630 1400 4694 fractionis
1431 4630 1786 4708 sciendum,

293 4730 454 4811 quod
485 4729 554 4792 in
587 4729 710 4791 hoc
739 4736 1136 4793 sacramento
1165 4737 1258 4792 est
1299 4730 1535 4813 duplex
1567 4749 1666 4793 res
1697 4750 1790 4793 sa-

1904 4354 1977 4397 us
2013 4352 2027 4397 :
2061 4334 2228 4397 sicut
2274 4333 2647 4415 expurgatio
2694 4334 2927 4396 veteris
2976 4334 3124 4399 vitae
3172 4343 3269 4398 est
3310 4336 3403 4399 ef-

1903 4434 2107 4496 fectus
2144 4432 2475 4515 Baptismi,
2509 4451 2625 4514 per
2661 4432 3050 4497 ablutionem
3096 4452 3277 4517 aquae
3324 4435 3404 4497 si-

1901 4532 2222 4615 gnificata.
2284 4532 2453 4605 Ideo,
2512 4550 2709 4613 quum
2772 4532 3101 4595 materiale
3163 4533 3227 4595 in
3283 4534 3403 4598 hoc

1903 4639 2299 4695 sacramento
2348 4631 2432 4693 sit
2476 4630 2682 4704 cibuS,
2730 4638 2979 4713 oportet
3029 4632 3199 4714 quod
3248 4633 3404 4697 effe·

1902 4738 2040 4794 ctus
2089 4730 2387 4813 proprius
2444 4730 2823 4792 sacramenti
2870 4729 3054 4791 istius
3110 4740 3401 4794 sumatur

293 4827 620 4901 cramenti,
654 4826 955 4889 videlicet
1001 4846 1234 4911 corpus
1282 4828 1513 4891 Christi
1564 4848 1786 4892 verum
1897 4832 2080 4913 juxta
2117 4830 2607 4892 similitudinem
2650 4828 2727 4891 ad
2775 4827 2901 4889 cibi
2942 4827 3268 4891 effectum.
3304 4829 3401 4893 ci-

291 4933 351 4987 et
390 4925 760 5009 mysticum.
794 4926 954 4989 Hinc
997 4926 1224 4990 fractio
1270 4929 1398 4991 duo
1445 4926 1784 5009 significat.

291 5023 566 5087 Primum
607 5032 710 5088 est
753 5025 894 5107 ipsa
933 5026 1166 5089 divisio
1209 5026 1492 5109 eorporis
1531 5026 1786 5102 Christi,

291 5120 450 5187 facta
491 5124 560 5187 in
603 5124 920 5206 passione.
956 5124 1321 5187 Secundum
1360 5132 1456 5188 est
1492 5123 1792 5187 distribu-

291 5222 376 5285 tio
405 5223 656 5285 virtutis
689 5222 1146 5306 redemptionis
1178 5224 1409 5287 Christi
1443 5244 1556 5306 per
1585 5225 1791 5287 diver-

293 5338 358 5383 sa
379 5322 671 5387 membra
693 5321 1023 5387 Ecclesiae:
1043 5340 1232 5404 quam
1258 5322 1793 5404 significationem

1901 4929 2021 4993 bus
2075 4936 2287 4991 autem
2338 4927 2683 5009 corporalis
2740 4926 2949 5009 primo
2996 4927 3063 4989 in
3109 4927 3395 4990 cibatum

1902 5027 2314 5101 convertitur,
2347 5032 2536 5107 atque
2574 5044 2651 5088 ex
2692 5024 2800 5087 tali
2843 5025 3259 5089 conversione
3291 5027 3396 5089 de·

1901 5126 2151 5210 perdita
2207 5132 2535 5197 restaurat,
2585 5123 3134 5207 quantitatemque
3184 5132 3392 5206 auget.

1904 5222 2267 5308 Spiritualis
2304 5239 2456 5285 vero
2499 5221 2681 5283 cibus
2730 5239 2855 5284 non
2896 5222 3291 5285 convertitur
3328 5222 3395 5286 in

1905 5323 2419 5397 manducantem,
2460 5321 2570 5384 sed
2610 5320 2793 5383 illum
2832 5320 3147 5385 convertit
3189 5320 3255 5387 in
3298 5340 3389 5387 se.
