4267 6250
1069 521 1348 569 arn-ou
1387 520 1852 569 msrmcriortuu
1891 520 2054 568 uam
2093 520 2157 566 1v
2196 521 2663 570 saman-runnu
3340 501 3419 567 21

319 687 572 762 eorporis
607 688 862 748 materia
889 689 996 747 toti
1023 689 1108 747 illi
1137 691 1366 764 corpori
1393 690 1470 748 sit
1495 693 1812 754 reddenda.
1847 689 1898 754 A
1926 709 2129 750 eorum
2162 693 2465 766 punitione
2496 711 2509 751 :
2543 711 2659 752 non
2688 697 2887 752 tamen
2916 694 3018 760 sic,
3042 695 3198 768 quod
3230 711 3265 750 a
3294 709 3426 767 pec-

317 781 820 852 quemadmodum
870 780 932 836 in
977 783 1170 838 statua
1215 781 1464 838 contrita
1512 785 1572 839 et
1619 798 1688 838 ex
1728 797 1819 838 ea-

317 871 447 926 dem
487 870 740 928 materia
775 873 1046 944 reparata
1087 872 1310 929 adverti
1349 876 1552 944 potest.
1583 874 1700 929 Hoc
1737 875 1820 929 ta·

315 974 448 1016 men
485 959 765 1016 dissimili
803 961 904 1018 flet
931 961 1210 1033 qualitate
1248 961 1308 1017 in
1348 961 1685 1035 corporibus
1722 964 1820 1019 bo-

315 1064 522 1104 norum
553 1052 612 1105 et
639 1049 960 1108 malorum.
990 1051 1209 1124 Nempe
1245 1052 1534 1109 bonorum
1573 1068 1818 1123 corpora

315 1137 570 1194 dotanda
617 1143 755 1196 sunt
805 1139 1040 1198 dotibus
1087 1139 1304 1213 gloriae,
1347 1141 1640 1198 malorum
1680 1157 1817 1197 vero

315 1243 556 1298 corpora
591 1229 814 1300 absque
844 1228 956 1295 bis,
989 1229 1220 1287 aeternis
1247 1230 1484 1302 ignibus
1509 1231 1815 1287 tradenda.

315 1317 450 1381 Quae
477 1317 662 1373 etiam
692 1333 768 1374 an
798 1334 934 1376 cum
967 1317 1436 1376 deformitatibus
1470 1319 1592 1376 suis
1629 1335 1819 1378 surre-

317 1408 476 1461 ctura
513 1405 652 1470 sint,
685 1407 1048 1480 Augustinus
1085 1409 1194 1466 sub
1224 1408 1402 1465 dubio
1427 1407 1680 1482 reliquit,
1714 1424 1820 1464 nec

317 1497 648 1552 curandum
691 1497 932 1569 putavit,
964 1513 1146 1571 quum
1177 1500 1250 1555 de
1279 1501 1624 1556 eorumdem
1663 1502 1820 1555 certa

319 1587 542 1641 constet
577 1585 980 1643 damnatione.
1012 1588 1092 1644 De
1129 1587 1404 1644 abortivis
1441 1589 1598 1661 quod
1633 1605 1822 1644 resur-

321 1677 471 1746 gant,
501 1677 890 1732 asserendum
921 1679 1026 1743 est,
1057 1677 1106 1732 si
1143 1693 1406 1750 unquam
1445 1677 1645 1733 anima
1671 1677 1824 1734 vixe-

321 1763 432 1818 rint
467 1765 766 1821 rationali.
798 1767 940 1832 Quae
973 1771 1032 1823 et
1064 1770 1224 1832 tunc,
1255 1765 1408 1824 sicut
1442 1771 1500 1824 et
1537 1772 1817 1834 monstra,

321 1869 354 1909 a
379 1855 860 1912 monstruositate
899 1855 1002 1912 illa
1041 1873 1148 1914 sua
1185 1860 1323 1914 sunt
1357 1859 1747 1914 emendanda.

321 1967 852 2036 Quantumcumque
881 1985 1048 2022 senes
1073 1975 1129 2023 et
1152 1975 1611 2040 quantiicumque
1631 1973 1821 2024 tenelli

379 2039 618 2098 Quidam
641 2041 868 2104 obeant,
889 2043 1080 2095 vultus
1099 2043 1362 2096 omnibus
1381 2059 1580 2111 aequus
1599 2046 1724 2096 erit.

749 2241 1178 2306 mS'rlNC'rlo
1223 2243 1394 2306 XLV.

562 2376 875 2440 Praeterea
917 2377 1252 2442 sciendum
1296 2385 1414 2453 est,
1457 2386 1577 2442 etc.

428 2573 640 2630 TATIM
697 2577 830 2646 post
875 2577 1126 2634 mortem
1182 2577 1561 2650 corporalem,
1609 2577 1826 2635 animai

459 2679 564 2734 pro
593 2663 824 2720 meritis
850 2664 941 2721 vel
980 2665 1276 2722 demeritis
1315 2665 1374 2722 in
1413 2666 1555 2724 locis
1587 2667 1696 2723 sibi
1728 2669 1826 2725 de-

325 2751 536 2825 putatis
573 2752 824 2825 praemia
859 2771 970 2812 sua
992 2755 1080 2812 vel
1111 2771 1308 2827 poenas
1343 2756 1664 2829 accipiunt;
1696 2774 1828 2830 quae

327 2845 518 2898 tamen
557 2845 692 2915 post
719 2843 932 2917 judicii
971 2843 1128 2902 diem
1167 2847 1556 2918 augebuntur,
1587 2863 1828 2919 corpore

324 2931 542 2989 scilicet
576 2936 902 3006 resumpto.
934 2933 1042 3000 Qui
1069 2951 1204 2991 vero
1240 2933 1522 3007 puniendi
1559 2939 1714 2999 sunt,
1735 2936 1830 3010 ju-

325 3021 442 3076 vari
472 3024 756 3093 poterunt
785 3039 888 3094 per
921 3023 1192 3080 Ecclesiae
1228 3025 1508 3097 suffragia
1536 3041 1551 3081 ι
1582 3024 1642 3079 bi
1680 3025 1830 3081 scili·
1859 3020 1902 3083 G

327 3113 413 3168 cet
447 3111 548 3185 qui
587 3111 650 3168 in
694 3113 963 3185 prasenti
992 3113 1126 3179 vita,
1157 3116 1223 3171 ut
1240 3113 1603 3187 juvarentur,
1635 3132 1829 3173 meru-

327 3204 520 3269 erunt3
553 3202 804 3275 quilibet
830 3220 934 3275 pro
965 3206 1292 3261 modwsuo.
1325 3204 1602 3270 Quamvis
1629 3208 1828 3262 autem

331 3308 556 3365 pompae
583 3292 880 3349 funerales
917 3292 1108 3365 magis
1136 3292 1255 3349 sint
1281 3295 1356 3350 ad
1385 3292 1651 3351 vivorum
1679 3294 1830 3351 sola-

333 3380 746 3443 tia.decentem
778 3384 976 3439 tamen
1007 3399 1210 3439 curam
1241 3381 1530 3440 defunctis
1557 3384 1828 3441 exhibere

335 3468 620 3527 laudabile
658 3474 763 3526 est.
804 3471 970 3536 Quod
1008 3471 1058 3527 si
1099 3488 1202 3543 pro
1240 3470 1414 3529 divite
1457 3472 1644 3530 multa
1686 3473 1830 3530 fiant

333 3560 621 3633 suffragia,
657 3578 762 3634 pro
799 3577 1052 3633 paupere
1078 3578 1212 3618 vero
1247 3579 1449 3633 pauca,
1479 3564 1566 3619 vel
1597 3567 1827 3621 tantum

337 3649 644 3720 generalia,
691 3650 1014 3722 proderunt
1059 3650 1297 3722 quidem
1343 3651 1548 3708 ceteris
1593 3653 1830 3724 paribus

335 3740 560 3814 utrique
595 3740 660 3797 in
703 3742 814 3797 boc
850 3740 1086 3813 pariter,
1117 3742 1276 3813 quod
1312 3757 1429 3798 non
1468 3747 1712 3814 prosunt
1744 3744 1830 3801 di·

335 3829 428 3886 viti
471 3832 548 3888 ad
595 3829 920 3903 pleniorem
969 3830 1394 3896 liberationem,
1439 3832 1584 3888 bene
1631 3834 1828 3889 tamen

336 3921 406 3975 ad
449 3918 810 3977 celeriorem.
849 3918 920 3975 ni
962 3921 1158 3976 autem
1207 3918 1308 3992 qui
1355 3919 1415 3976 in
1463 3919 1578 3977 fine
1619 3922 1830 3977 mundi

335 4007 711 4081 reperientur,
743 4024 849 4080 per
875 4007 1072 4081 ignem
1105 4007 1578 4081 conflagrationis
1603 4014 1662 4066 et
1687 4012 1830 4067 San-

333 4101 556 4155 ctorum
575 4097 869 4155 orationes
888 4098 1314 4171 purgabuntur.
1331 4098 1633 4156 Orationes
1651 4100 1827 4157 etiam

1928 783 2071 839 catis
2124 783 2215 841 vel
2272 784 2648 842 damnatione
2705 801 2809 858 per
2865 784 2974 841 boc
3032 783 3423 842 absolvantur.

1930 875 2120 939 Quum
2162 876 2357 930 autem
2400 873 2803 931 misericordia
2834 874 2935 931 Dei
2964 877 3022 931 ct
3048 873 3231 946 ipsius
3258 874 3431 947 justi·

1929 963 2012 1018 tia
2036 962 2155 1018 sint
2176 962 2563 1026 idem,tamen
2592 966 2827 1035 propter
2846 962 3132 1019 diversam
3166 964 3425 1019 nostram

1931 1055 2002 1109 de
2033 1053 2149 1110 Deo
2176 1053 2619 1125 conceptionem
2648 1070 2750 1110 seu
2784 1055 3053 1110 effectum
3084 1052 3201 1116 Dei,
3232 1052 3431 1124 aliqua

1931 1141 2114 1214 ipsius
2141 1158 2317 1214 opera
2345 1142 2779 1206 misericordiae,
2810 1142 3007 1215 aliqua
3032 1158 3167 1199 vero
3188 1141 3433 1214 justitia

1929 1231 2346 1290 attribuuntur.
2397 1233 2507 1299 Qui
2554 1237 2611 1290 et
2657 1250 2815 1290 nunc
2859 1233 3081 1289 occulte
3128 1231 3425 1305 judicans,

1927 1321 2151 1378 scilicet
2176 1324 2500 1395 purgando,
2528 1324 2915 1379 convertendo
2942 1320 3031 1378 vel
3058 1323 3425 1386 excaecando,

1927 1411 2169 1466 tandem
2208 1409 2514 1468 manifeste
2538 1410 2846 1484 judicabit.
2876 1411 3053 1485 CuJus
3084 1426 3316 1483 quoque
3333 1410 3429 1484 ju-

1931 1499 2102 1564 dicia,
2144 1499 2299 1557 circa
2338 1516 2431 1557 res
2475 1517 2680 1558 omnes
2726 1499 3025 1573 dispositio
3072 1502 3425 1573 quandoque

1927 1592 2185 1646 vocatur.
2208 1590 2373 1654 Quod
2402 1589 2577 1646 etiam
2609 1589 2917 1645 Psalmista
2945 1588 3105 1652 dicit,
3127 1588 3427 1646 universas

1928 1677 2052 1735 vias
2082 1677 2313 1735 Domini
2352 1677 2817 1735 misericordiam
2854 1695 2977 1735 esse
3014 1679 3072 1735 et
3101 1677 3422 1744 veritatem,

1930 1766 2176 1840 intelligi
2217 1771 2405 1840 potest
2428 1784 2533 1838 pro
2562 1783 2629 1824 eo
2659 1769 2815 1841 quod
2854 1767 3068 1840 duplex
3104 1770 3193 1824 est
3218 1768 3429 1824 adven·

1857 1847 1904 1910 B
1930 1858 2024 1912 tus
2053 1855 2254 1927 ipsiuS,
2286 1871 2537 1927 quorum
2566 1871 2720 1913 unus
2754 1854 3217 1912 misericordiam
3248 1853 3429 1927 respi-

1931 1943 2027 2008 cit,
2059 1943 2207 2000 alter
2239 1943 2566 2019 justitiam;
2603 1945 2693 2001 vel
2737 1944 2873 2018 quia
2913 1944 3039 2018 ejus
3080 1946 3235 2000 dono
3278 1943 3431 2000 bona

1935 2031 2202 2094 facimus,
2232 2035 2290 2089 et
2318 2031 2475 2089 mala
2502 2032 2885 2089 declinamus.
2917 2034 3057 2099 Quae
3090 2031 3288 2096 etiam,
3320 2031 3433 2087 mi-

1931 2122 2251 2179 sericordia
2276 2123 2545 2180 videlicet
2570 2125 2628 2179 et
2646 2121 2895 2194 justitia,
2927 2123 2989 2178 in
3028 2121 3303 2178 omnibus
3332 2121 3433 2178 Dei

1930 2213 2308 2285 reperiuntur
2334 2212 2607 2284 operibus
2638 2229 2652 2268 ι
2682 2213 3007 2268 secundum
3048 2211 3277 2283 aliquos
3308 2209 3435 2283 qui-

1935 2304 2068 2360 dem
2111 2304 2435 2359 secundum
2477 2301 2811 2366 essentiam,
2844 2317 2960 2357 non
3001 2303 3199 2358 autem
3232 2315 3435 2357 secun·

1935 2393 2076 2448 dum
2119 2392 2419 2458 effectum;
2458 2391 2783 2448 secundum
2820 2389 2965 2448 alios
3004 2393 3221 2455 autem,
3252 2389 3429 2447 etiam

1933 2483 2261 2538 seeundum
2317 2482 2587 2538 effectum
2633 2479 2721 2536 vel
2779 2480 3037 2553 signum,
3085 2484 3144 2538 et
3185 2480 3297 2536 hoc
3340 2479 3430 2537 vel

1935 2572 2161 2628 occulte
2196 2571 2284 2628 vel
2323 2574 2536 2644 aperte.

1935 2697 2353 2750 commiserans
2377 2695 2569 2760 judex,
2602 2693 2743 2747 alias
2772 2694 3151 2761 aequissimus,
3182 2694 3339 2760 ipsos

1997 2771 2311 2821 Damnatos
2340 2767 2518 2833 punit,
2554 2781 2721 2834 quam
2754 2781 3026 2829 meruere,
3058 2766 3263 2818 minus.

2339 2992 2764 3058 DISTINCTIO
2805 2992 3031 3055 XLVII.

2111 3157 2285 3221 Solet
2324 3157 2521 3219 etiam
2565 3155 2762 3239 quaeri
2807 3155 3103 3238 qualiter,
3143 3162 3262 3219 etc.

2066 3382 2114 3437 N
2152 3380 2429 3439 vocaliter
2464 3380 2551 3437 vel
2590 3378 2922 3437 mentaliter
2958 3382 3191 3436 tantum
3226 3378 3437 3453 judieii

2091 3471 2341 3528 extremi
2378 3470 2665 3527 sententia
2704 3468 3051 3542 proferenda
3084 3468 3176 3533 sit,
3205 3484 3320 3525 non
3352 3472 3440 3547 est

1939 3578 2355 3635 usquequaque
2394 3577 2497 3633 per
2524 3559 2851 3631 Scripturas
2882 3560 3257 3632 explicatum.
3289 3560 3433 3616 Cum

1937 3651 2161 3707 Christo
2198 3653 2397 3707 tamen
2435 3648 2690 3722 perfecti,
2720 3650 3046 3707 secundum
3088 3648 3434 3719 Scripturas,

1938 3744 2096 3796 certo
2115 3740 2483 3813 judicabunt.
2506 3741 2671 3804 Quod
2700 3738 2938 3812 quidem
2970 3755 3073 3810 per
3098 3738 3265 3795 sedes
3292 3739 3437 3795 duo-

1940 3829 2130 3885 decim
2171 3844 2315 3900 quas
2351 3828 2472 3900 ipse
2515 3828 2674 3893 dicit,
2703 3827 3083 3901 significatur.
3112 3826 3295 3883 Erunt
3331 3843 3437 3883 au-

1938 3919 2056 3974 tem
2101 3916 2163 3973 in
2193 3916 2421 3990 judicio
2464 3916 2697 3973 ordines
2740 3920 3035 3989 quatuor:
3066 3931 3207 3971 nam
3252 3914 3437 3988 aliqui

1931 4006 2359 4080 judicabuntur
2389 4009 2447 4063 et
2475 4005 2762 4078 peribunt,
2790 4008 2856 4061 ut
2893 4004 3061 4077 impii
3088 4002 3435 4071 Christiani;

1939 4095 2040 4153 alii
2068 4112 2203 4154 vero
2232 4098 2373 4152 tunc
2401 4096 2690 4167 peribunt,
2716 4096 2819 4151 sed
2847 4110 2963 4149 non
2989 4092 3434 4167 judicabuntur,

339 4190 558 4244 nostras
585 4186 781 4260 angeli
811 4186 1059 4259 Deo,qui
1089 4186 1290 4243 omnia
1310 4188 1607 4260 praenovit,
1626 4190 1830 4247 offerre
1861 4182 1912 4247 D
1941 4189 2006 4243 ut
2033 4185 2324 4252 infideles;
2356 4184 2455 4241 alii
2496 4187 2695 4241 autem
2723 4183 3150 4258 judicabuntur
3176 4186 3235 4241 et
3260 4183 3440 4241 salva-

339 4276 623 4341 dicuntur,
637 4278 878 4349 quando
897 4274 1041 4349 quid
1061 4277 1356 4349 agendum
1377 4276 1455 4333 sit
1481 4277 1825 4350 percipiunt.

339 4368 488 4432 Quas
522 4382 757 4439 quoque
785 4366 982 4423 Sancti
1021 4369 1395 4439 cognoscunt,
1427 4369 1713 4439 quantum
1752 4370 1828 4426 ad

339 4471 534 4513 eorum
556 4454 810 4529 pertinet
829 4456 1112 4530 gaudium
1137 4458 1196 4513 et
1222 4459 1488 4514 nostrum
1518 4457 1826 4515 auxilium.

339 4572 631 4624 viventum
657 4572 921 4638 preculas
941 4570 1146 4622 animis
1175 4571 1446 4637 prodesse
1472 4573 1829 4639 quibusdam,

401 4644 460 4695 Si
484 4648 674 4696 tamen
705 4642 814 4696 hoc
843 4644 1030 4709 ipsum
1059 4656 1418 4708 promeruere
1447 4644 1622 4710 prius.

748 4839 1177 4905 ms'rmcrm
1206 4824 1416 4904 ‘xcvi

669 4973 792 5037 Sed
844 4972 1154 5056 quaeritur
1205 4973 1331 5049 hic,
1381 4981 1500 5037 ete.

469 5170 562 5226 ΟΝ
595 5168 962 5227 obstantibus
989 5168 1342 5241 quibusdam
1375 5168 1834 5235 auctoritatibus,

496 5258 542 5314 si
571 5262 724 5315 recte
753 5256 1174 5331 intelligantur,
1207 5258 1522 5315 dicendum
1551 5262 1655 5323 est,
1682 5260 1838 5332 quod

351 5348 506 5406 circa
529 5349 840 5407 damnatos
868 5351 957 5406 est
981 5347 1180 5423 aliqua
1204 5346 1305 5406 Dei
1342 5346 1745 5406 misericordia
1777 5347 1836 5403 in

1939 4276 2176 4339 buntur,
2209 4276 2551 4332 decedentes
2588 4272 2810 4331 scilicet
2837 4273 2895 4329 in
2935 4273 3304 4345 poenitentia;
3333 4274 3437 4331 alii

1939 4380 2171 4438 quoque
2211 4362 2337 4421 sine
2356 4363 2583 4438 judicio
2610 4367 2751 4420 tune
2788 4364 3185 4427 salvabuntur,
3214 4366 3281 4420 ut
3308 4380 3436 4436 per-

1937 4453 2070 4512 fecti
2099 4453 2161 4510 in
2200 4454 2309 4510 hac
2334 4452 2469 4509 vita.
2501 4454 3021 4526 Congregabuntur
3045 4455 3243 4510 autem
3274 4454 3435 4527 judi-

1940 4542 2113 4601 candi
2156 4545 2232 4600 ad
2270 4541 2563 4617 ¹iudicium
2612 4542 2875 4615 angelico
2912 4541 3259 4608 ministerio,
3299 4560 3435 4615 pur-

1943 4634 2176 4708 gatione
2206 4632 2413 4691 mundi
2448 4648 2553 4705 per
2578 4630 3093 4704 conflagrationem
3125 4631 3277 4705 ignis
3305 4631 3432 4705 jam

1941 4722 2249 4795 completa.
2294 4723 2362 4777 Et
2405 4720 2570 4779 electi
2617 4720 2857 4794 quidem
2907 4719 2968 4775 in
3014 4736 3165 4787 aere,
3204 4720 3437 4793 reprobi

1941 4814 2136 4869 autem
2179 4814 2353 4869 erunt
2388 4810 2450 4867 in
2488 4814 2660 4867 terra.
2691 4808 2899 4882 Sicque
2936 4807 3188 4866 finaliter
3226 4808 3439 4866 ultima
3485 4850 3495 4859 .

1943 4917 1979 4958 a
1996 4900 2199 4975 judice
2236 4898 2561 4973 proferetur
2595 4898 2898 4956 sententia.
2930 4898 3018 4954 An
3044 4914 3180 4955 vero
3208 4898 3439 4971 reprobi

1943 4991 2074 5062 post
2087 4988 2385 5063 judicium
2414 5005 2449 5045 a
2476 4986 2842 5045 daemonibus
2880 4985 3163 5059 puniendi
3196 4986 3333 5052 sint,
3362 5004 3439 5044 an

1944 5094 2082 5145 non,
2115 5075 2504 5135 diversimode
2542 5076 2862 5150 loquuntur
2899 5074 3139 5143 diversi3
3177 5075 3444 5149 negativa

1943 5171 2145 5225 tamen
2186 5165 2543 5239 probabilior
2580 5166 2825 5222 videtur.

1945 5283 2157 5333 Ultima
2185 5281 2444 5347 prudenti
2474 5280 2699 5331 dabitur
2728 5278 3005 5331 sententia
3032 5280 3273 5343 Christ0,

2007 5354 2191 5415 Quam
2220 5351 2572 5406 confirmabit
2593 5350 2834 5404 candida
2866 5350 3031 5403 turba
3056 5356 3299 5419 patrum.
