4267 6250
817 481 856 544 4
1973 500 2265 548 nrisrom
2302 499 2770 551 nuncuparem

813 675 994 757 regio
1045 675 1200 740 licet
1251 678 1450 742 hodie
1494 693 1629 742 non
1682 677 1772 741 sit
1824 676 1970 759 eJus
2005 677 2279 741 ditionis
2331 676 2523 758 cujus
2577 676 2681 740 est
2724 675 2883 740 urbs
2920 677 3160 757 vestra,
3198 677 3421 740 tamen
3477 673 3923 738 familiaritate

817 782 1194 865 principum
1234 787 1300 849 et
1336 785 1825 868 propinquitate
1860 784 2011 865 loci,
2041 784 2341 865 ejusdem
2378 783 2723 848 vobiscum
2754 782 2928 863 ¹iuris
2979 800 3055 847 ac
3096 781 3377 848 fortunae
3427 781 3638 846 videri
3686 780 3925 862 potest.

822 888 1214 972 Quanquam
1252 892 1416 974 quid
1451 911 1620 974 opus
1661 893 1763 956 est
1795 892 1918 955 hac
1957 891 2426 971 insinuatione,
2465 907 2673 972 quum
2718 891 2919 954 etiam
2957 890 3017 954 si
3051 889 3512 971 ignotissimus
3556 888 3667 968 sit,
3718 903 3933 951 remo-

822 995 1232 1080 tissimisque
1283 999 1365 1062 ab
1419 999 1580 1062 urbe
1626 1001 1845 1062 vestra
1888 998 2052 1061 locis
2108 999 2316 1076 ortuS,
2352 997 2437 1060 ob
2491 997 2927 1061 eruditionem
2980 997 3183 1060 simul
3231 998 3297 1060 et
3340 996 3653 1078 pietatem
3702 993 3936 1058 debeat

823 1104 1073 1184 optimo
1113 1107 1350 1186 cuique
1385 1105 2075 1170 commendatissimus
2112 1122 2256 1170 esse
2276 1105 2307 1167 ’.Ρ
2354 1103 2561 1168 Vobis
2602 1105 2823 1168 autem
2868 1121 2945 1168 eo
2989 1104 3226 1185 magis,
3267 1103 3447 1184 quod
3482 1103 3719 1184 praeter
3754 1099 3935 1164 mul-

823 1211 1039 1274 tarum
1070 1230 1288 1276 rerum
1329 1213 1825 1295 experientiam,
1865 1229 1998 1294 qua
2037 1214 2302 1294 nigrum
2340 1211 2423 1276 ab
2464 1211 2612 1275 albo
2650 1211 3016 1275 discernere
3058 1210 3247 1275 facile
3291 1210 3524 1288 nostis,
3556 1209 3754 1272 etiam
3791 1209 3938 1288 ipsa

823 1319 1059 1382 natura
1102 1320 1214 1383 det
1249 1321 1323 1383 ut
1366 1320 1608 1384 velitiS.
1643 1320 1720 1382 Id
1770 1321 1948 1384 enim
1983 1319 2186 1400 vulgo
2233 1319 2763 1400 receptissimum
2810 1317 3013 1382 simul
3066 1319 3131 1381 et
3170 1317 3591 1382 verissimum
3629 1315 3929 1390 habetur,

825 1423 1278 1506 benigniorem
1316 1429 1533 1490 vestra
1569 1427 1833 1489 natione
1864 1425 1960 1508 (id
1999 1427 2098 1490 est
2131 1423 2549 1507 Brabantica)
2579 1426 2830 1489 nullam
2862 1443 3005 1489 esse
3048 1445 3062 1486 z
3105 1442 3253 1506 quae
3294 1424 3439 1487 laus
3467 1441 3599 1505 quo
3638 1439 3938 1486 commu-

825 1531 975 1593 nior
1010 1534 1110 1596 est
1147 1533 1472 1598 universae
1509 1533 1711 1614 genti,
1752 1533 1984 1597 multis
2025 1533 2227 1596 etiam
2263 1532 2413 1596 aliis
2453 1532 2808 1596 virtutibus
2844 1532 3113 1613 insigni,
3144 1548 3222 1594 eo
3260 1531 3451 1594 vobis
3489 1529 3831 1610 aptissime
3872 1529 3939 1592 et

826 1637 897 1699 in
940 1638 1174 1719 primis
1211 1640 1600 1721 applicatur,
1641 1657 1927 1722 quorum
1963 1639 2122 1702 urbs
2168 1655 2302 1702 non
2338 1639 2535 1702 modo
2584 1656 2845 1720 semper
2880 1638 3105 1701 habita
3142 1638 3271 1701 fuit
3317 1639 3523 1701 totius
3565 1635 3937 1700 Brabantiae

829 1746 1046 1825 caput,
1088 1746 1288 1809 etiam
1325 1748 1476 1810 ante
1515 1748 1803 1810 vestram
1847 1746 2315 1826 accessionem,
2355 1746 2471 1809 sed
2520 1745 2797 1809 habetur
2840 1745 3203 1810 etiamnum
3242 1745 3462 1823 hodie,
3509 1745 3574 1807 et
3613 1744 3785 1806 certe
3822 1759 3941 1822 per

828 1853 1112 1916 vestram
1154 1852 1683 1933 conjunctionem
1727 1853 1938 1917 multo
1976 1853 2213 1934 magis.
2255 1852 2429 1916 Illud
2458 1869 2613 1916 vero
2651 1852 2881 1916 multis
2918 1851 3338 1915 admirationi
3369 1867 3511 1914 esse
3548 1850 3739 1929 solet,
3772 1864 3939 1930 qua-

828 1960 981 2022 tuor
1016 1959 1310 2041 insignes
1337 1963 1572 2025 vestrae
1600 1960 1970 2024 Brabantiae
2014 1958 2435 2041 metropoles,
2467 1960 2753 2041 quatuor
2788 1959 3159 2040 insignibus
3176 1957 3179 1960 ’
3196 1958 3487 2038 dotibus,
3526 1959 3595 2020 at
3632 1955 3935 2032 diversiS,

829 2067 1076 2147 pollere
1107 2087 1123 2128 ε
1155 2069 1543 2132 auctoritate
1587 2068 1982 2146 Lovanium,
2023 2065 2511 2148 magnificentia
2545 2065 2912 2147 Bruxellas,
2955 2066 3209 2130 divitiis
3247 2064 3703 2146 Antuerpiam,
3743 2062 3940 2126 forti-

829 2173 1057 2236 tudine
1093 2191 1169 2236 ac
1204 2174 1437 2238 robore
1464 2174 1622 2238 belli
1657 2174 2103 2239 Ducibuscum
2130 2193 2148 2254 3
2190 2175 2253 2236 et
2288 2174 2509 2236 tamen
2536 2172 2790 2236 nullam
2821 2189 3070 2252 earum,
3096 2171 3523 2253 quantumvis
3555 2170 3789 2252 possit,
3820 2186 3942 2233 sua

831 2279 1074 2345 virtute
1115 2281 1430 2345 adversus
1466 2282 1664 2345 aliam
1708 2281 2166 2360 intumescere,
2206 2279 2459 2344 nullam
2495 2298 2630 2361 prae
2672 2297 2743 2344 se
2780 2280 2980 2344 aliam
3018 2281 3433 2343 contemnere
3470 2278 3577 2342 vel
3614 2276 3935 2356 aemulari,

830 2387 907 2451 ut
942 2388 1113 2451 inter
1153 2405 1263 2452 eas
1299 2405 1382 2452 ne
1421 2389 1698 2451 minima
1734 2388 2001 2469 quidem
2045 2388 2331 2452 sinistrae
2375 2387 2793 2468 cogitationis
2827 2387 3117 2468 suspicio
3155 2387 3265 2450 sit.
3302 2385 3542 2450 Videre
3580 2385 3734 2449 licet
3767 2385 3835 2448 et
3874 2383 3943 2446 in

831 2495 1074 2558 exteris
1100 2495 1502 2577 regionibus,
1522 2497 1840 2576 quasdam
1873 2495 2173 2558 civitates
2201 2494 2645 2577 peculiaribus
2672 2494 2939 2558 dotibus
2965 2495 3130 2557 alias
3160 2493 3571 2575 antecedere3
3598 2492 3713 2556 sed
3744 2491 3943 2554 talem

831 2602 1099 2682 tamque
1135 2603 1402 2666 firmum
1437 2602 1911 2667 benevolentiae
1963 2602 2213 2666 mutuae
2259 2619 2531 2682 nexum,
2570 2601 2787 2683 qualis
2824 2602 3239 2682 quantusque
3276 2601 3449 2663 inter
3484 2616 3605 2664 vos
3646 2600 3767 2680 est,
3812 2615 3945 2661 non

830 2709 986 2772 licet
1026 2730 1041 2770 ε
1083 2727 1236 2773 nam
1267 2713 1382 2774 aut
1418 2711 1615 2774 tacita
1651 2710 1902 2774 invidia
1936 2709 2257 2788 laborant,
2293 2711 2408 2772 aut
2443 2709 2694 2772 invidia
2734 2709 2804 2771 in
2842 2711 3145 2790 apertum
3182 2709 3411 2772 odium
3448 2707 3939 2789 prorumpente,

831 2833 903 2880 se
933 2834 1084 2880 cum
1114 2818 1255 2882 suis
1292 2817 1623 2899 perditum
1662 2818 1840 2880 eunt.
1882 2816 2091 2881 Vobis
2132 2817 2327 2897 longe
2366 2816 2497 2880 alia
2532 2833 2721 2880 mens
2750 2817 2871 2894 est,
2907 2816 3153 2897 quippe
3191 2816 3307 2897 qui
3344 2814 3692 2879 concordia
3732 2829 3946 2894 neque

831 2923 1019 3005 prius
1054 2925 1417 3006 quidquam
1453 2941 1666 3006 neque
1704 2924 2042 3004 antiquius
2079 2922 2399 3004 habeatiS,
2423 2923 2801 3004 malitisque
2838 2922 3124 2986 invicem
3154 2922 3323 2986 alios
3350 2921 3465 2985 alii
3490 2919 3946 2984 benevolentia

833 3033 1195 3113 praevenire
1223 3049 1425 3114 quam
1454 3033 1714 3095 vosmet
1740 3030 2160 3113 magnificare
2184 3051 2201 3110 3
2241 3031 2595 3113 potiusque
2626 3031 2693 3093 id
2721 3031 2955 3112 agatis,
2980 3032 3055 3094 ut
3082 3030 3195 3094 alii
3226 3029 3376 3092 aliis
3403 3045 3606 3110 quam
3634 3026 3947 3092 maximis

833 3139 1171 3204 beneficiis
1219 3139 1712 3219 devinciamini,
1753 3156 1956 3221 quam
2007 3142 2081 3203 ut
2125 3157 2261 3220 prae
2310 3139 2447 3203 illis
2502 3138 2711 3203 videri
2761 3138 3003 3203 velitis.
3044 3138 3219 3203 Nam
3254 3138 3415 3219 quid
3465 3136 3648 3201 aliud
3694 3152 3829 3217 prae
3875 3151 3947 3199 se

836 3247 1080 3329 ferunt,
1138 3248 1214 3309 ut
1268 3264 1304 3311 e
1360 3248 1497 3310 tam
1550 3247 1780 3311 multis
1829 3264 2110 3311 summae
2166 3247 2337 3310 inter
2388 3262 2511 3310 vos
2576 3245 3054 3310 benevolentiae
3108 3245 3373 3309 indiciis
3430 3261 3641 3308 unum
3695 3242 3949 3323 aliquid

836 3354 1123 3419 breviter
1150 3371 1620 3435 memoremus„
1657 3354 2125 3419 conventiones
2153 3353 2285 3418 illae
2324 3353 2679 3435 quotannis
2702 3354 2879 3435 apud
2917 3370 3038 3417 vos
3074 3353 3307 3434 agitari
3336 3352 3573 3433 solitae,
3612 3350 3764 3415 aliis
3790 3350 3952 3415 Ger-

837 3463 1075 3527 maniae
1120 3461 1499 3525 nationibus
1548 3460 1886 3541 inauditae,
1927 3460 2172 3543 quibus
2215 3459 2491 3552 collegia
2529 3458 2689 3544 (non
2740 3460 3179 3539 sacerdotum,
3226 3460 3343 3523 sed
3388 3458 3666 3540 civium)
3712 3457 3949 3540 praeci-

837 3586 1120 3651 puarum
1171 3569 1514 3633 civitatum
1561 3570 1632 3632 in
1673 3586 1877 3633 unam
1926 3569 2218 3650 aliquam
2264 3569 2349 3631 ad
2398 3567 2467 3630 id
2514 3568 2953 3650 praestitutam
3001 3566 3365 3647 confluunt,
3396 3566 3622 3648 ibique
3663 3564 3839 3629 ludis
3886 3566 3953 3629 et

838 3676 1232 3760 spectaculis
1266 3676 1469 3739 variis
1509 3677 1780 3756 certant,
1822 3677 2021 3757 idque
2071 3676 2282 3740 solius
2330 3675 2665 3756 amicitiae,
2708 3675 2955 3739 favoris
2996 3691 3071 3739 ac
3128 3674 3507 3739 festivitatis
3560 3690 3779 3753 causa,
3820 3672 3951 3735 nisi

838 3782 1311 3849 benevolentiae
1338 3799 1671 3846 summam
1699 3783 1890 3847 vobis
1918 3801 2061 3848 esse
2089 3800 2315 3847 curam
2335 3782 2367 3845 ⁶?
2405 3784 2489 3845 Et
2516 3800 2897 3865 quanquam
2925 3782 2997 3845 hi
3026 3782 3387 3846 conventus
3416 3781 3593 3865 apud
3628 3780 3952 3863 quosdam

840 3894 1106 3975 propter
1139 3891 1426 3954 nimium
1463 3892 1808 3973 sumptum
1846 3891 2018 3955 male
2069 3891 2369 3970 audiunt,
2412 3908 2488 3954 ea
2525 3892 2747 3954 tamen
2783 3889 3117 3972 praecipua
3155 3890 3372 3953 vestra
3416 3889 3561 3953 laus
3610 3890 3735 3969 est,
3773 3887 3954 3970 quod

825 4000 1203 4064 ‘amicitiam
1233 3998 1486 4061 divitiis
1515 3999 1841 4079 potiorem
1877 3998 2157 4079 ducatis,
2199 3998 2509 4079 quodque
2549 3998 2633 4061 iis
2669 3997 2952 4061 laetando
2984 3997 3209 4077 potius
3248 4013 3448 4078 quam
3483 3996 3805 4060 tristando
3856 3994 3953 4077 (id

843 4108 966 4187 est,
988 4123 1146 4187 paee
1174 4120 1374 4186 quam
1411 4104 1614 4186 bello)
1643 4105 1746 4169 uti
1775 4104 2044 4169 malitis.
2078 4104 2309 4186 Neque
2338 4120 2495 4167 vero
2519 4104 2691 4167 inter
2718 4120 2838 4167 vos
2866 4103 3151 4167 invicem
3188 4103 3405 4166 solum
3434 4102 3736 4167 benevoli
3766 4102 3949 4181 estiS,

843 4212 958 4277 sed
998 4214 1064 4276 et
1107 4211 1316 4276 exteri
1362 4210 1705 4275 vobiscum
1757 4213 2047 4293 agentes,
2088 4211 2216 4274 hoc
2264 4211 2485 4292 ipsum
2528 4211 2957 4292 experiuntur
2998 4230 3013 4271 ε
3055 4211 3131 4272 ut
3164 4226 3300 4273 non
3336 4208 3419 4273 ab
3462 4227 3533 4274 re
3570 4209 3771 4291 vulgo
3810 4208 3953 4289 jam

843 4320 1182 4401 receptum
1232 4317 1342 4398 sit,
1383 4318 1943 4399 quemadmodum
1987 4319 2139 4382 ante
2175 4318 2492 4398 diximus,
2546 4317 3144 4381 benevolentiorem
3200 4319 3391 4399 gente
3438 4318 3656 4381 vestra
3700 4315 3954 4380 nullam

847 4444 1012 4492 esse.
1059 4428 1146 4490 Et
1187 4426 1311 4489 hac
1360 4425 1536 4489 fama
1561 4426 1892 4497 ,incitatus
1935 4442 2080 4507 eg0,
2126 4426 2318 4490 vobis
2362 4425 2477 4508 qui
2516 4424 3126 4490 benevolentissimi
3163 4425 3346 4505 estis,
3386 4424 3785 4505 Dionysium
3831 4441 3955 4487 no-

845 4537 1060 4600 strum
1103 4534 1330 4614 offero,
1372 4532 1572 4597 talem
1622 4550 1698 4596 ac
1743 4535 2002 4597 tantum
2050 4533 2417 4597 concordiae
2466 4534 2637 4597 inter
2681 4533 2983 4596 doctores
3034 4532 3150 4613 qui
3200 4549 3399 4613 super
3439 4532 3809 4597 Sententias
3853 4532 3956 4595 di-

845 4658 1036 4717 versa
1070 4640 1412 4722 scripsisse
1446 4640 1772 4721 videntur,
1801 4640 2315 4719 conciliatorem,
2350 4642 2426 4703 ut
2469 4641 2688 4704 vestra
2727 4639 3184 4704 benevolentia
3228 4641 3546 4722 perpetuo
3594 4639 3955 4703 fruiturum

847 4749 1195 4814 confidam.
1233 4746 1411 4811 Bene
1448 4746 1684 4812 valete.
1726 4748 1830 4811 Ex
1858 4747 2159 4812 Cartusia
2195 4747 2687 4831 Agrippinensi,
2728 4746 2875 4828 ipso
2905 4747 3012 4810 die
3048 4746 3116 4811 S.
3157 4746 3499 4827 Barnabae,
3538 4746 3950 4811 MDXXXV.
