4267 6250
155 3665 265 3708 trk9.

755 516 843 564 AN
882 516 1219 564 Bmlsxtrs
1260 516 1459 573 otmar
1498 515 1865 579 murman
1908 516 1983 563 m·
2022 516 2103 565 DE
2143 515 2338 565 POENA
2380 516 2752 565 mmmm!
2792 518 2971 564 Itum

3294 496 3407 564 161

330 687 435 749 ista
471 693 569 749 est
604 705 816 762 causa,
848 687 1018 769 quod
1060 705 1179 751 nec
1217 694 1425 770 potest
1462 706 1582 751 nec
1624 687 1814 750 debet
1840 687 1894 752 A
1922 706 2008 749 re.
2059 687 2234 763 Quod
2293 695 2599 751 statutum
2659 695 2756 751 est
2800 695 3062 772 propter
3104 686 3415 770 Baptismi

329 786 529 848 iterari
559 784 941 868 Baptismus.
978 786 1041 849 Si
1072 786 1247 849 enim
1278 786 1635 861 iteraretur,
1668 787 1813 850 cha-

326 890 519 946 racter
560 884 771 946 denuo
814 883 1293 966 imprimeretur
1342 883 1631 964 ejusdem
1675 902 1815 967 spe-

329 982 461 1055 ciei,
492 990 603 1043 aut
646 999 793 1044 non.
838 981 903 1044 Si
949 999 1077 1045 non
1128 981 1628 1064 imprimeretur,
1662 1001 1813 1063 ergo

330 1096 447 1141 non
488 1079 959 1161 relinqueretur
997 1079 1298 1142 sanctitas
1336 1079 1707 1160 hujusmodi
1746 1082 1813 1143 in

328 1177 477 1259 ipso.
510 1177 1055 1252 Quemadmodum
1085 1178 1259 1241 enim
1290 1196 1417 1241 non
1458 1186 1557 1241 est
1582 1179 1813 1241 sancti·

326 1275 534 1339 ficatio
560 1275 840 1339 basilicae
870 1295 1013 1358 quae
1043 1275 1615 1339 sanctificationem
1646 1276 1811 1340 basi·

328 1374 575 1437 licarem
620 1391 749 1437 non
794 1373 1123 1456 relinquit,
1155 1374 1248 1437 sie
1286 1393 1415 1438 non
1454 1382 1551 1439 est
1586 1376 1813 1439 sancti-

328 1474 533 1537 ficatio
572 1472 973 1555 baptismalis
1015 1492 1157 1555 quae
1204 1472 1272 1535 in
1319 1473 1637 1556 baptizato
1682 1492 1811 1537 non

328 1572 617 1654 relinquit
647 1571 1049 1634 sanctitatem
1080 1571 1203 1634 sibi
1236 1580 1711 1653 congruentem.
1745 1573 1809 1636 Si

327 1688 473 1734 vero
498 1670 986 1752 imprimeretur,
998 1678 1208 1733 essent
1236 1671 1372 1733 duae
1400 1670 1623 1734 formae
1650 1670 1813 1752 ejus·

330 1772 467 1833 dem
495 1770 729 1853 speciei
762 1770 829 1832 in
858 1770 1082 1833 eodem
1124 1769 1477 1832 secundum
1508 1770 1698 1832 idem.
1735 1772 1811 1833 Et

1920 785 2364 861 reverentiam,
2421 794 2612 869 atque
2670 786 2736 849 in
2791 785 3272 850 detestationem
3327 785 3421 846 in-

1916 882 2298 962 juriantium
2343 892 2757 947 sacramento.
2793 884 2918 947 Alii
2967 884 3210 958 dieunt,
3249 882 3420 965 quod

1919 980 2064 1043 talis
2113 999 2240 1044 non
2285 989 2454 1044 esset
2497 982 2882 1063 irregularis.
2919 981 3078 1045 Nam
3127 980 3422 1064 quamvis

1920 1077 2041 1141 hoc
2080 1079 2234 1142 olim
2277 1080 2473 1143 fuerit
2512 1080 2917 1143 observatum
2955 1080 3023 1141 in
3065 1079 3284 1142 odium
3326 1096 3421 1141 re—

1922 1176 2404 1259 baptizantium,
2427 1198 2600 1242 nunc
2626 1187 2842 1241 tamen
2873 1185 3141 1260 possunt
3170 1194 3422 1259 promo-

1921 1275 2079 1351 veri,
2102 1276 2255 1357 quia
2283 1276 2638 1357 ignorantia
2664 1276 2819 1339 facti
2848 1276 3112 1340 omnino
3139 1282 3415 1339 excusat.

1920 1373 2223 1436 Nonnulli
2277 1393 2532 1457 quoque
2580 1375 2824 1450 dicunt,
2876 1376 3205 1438 decretum
3257 1373 3418 1437 illud

1920 1489 2059 1533 esse
2088 1472 2574 1554 intelligendum
2601 1473 2680 1536 de
2711 1472 3056 1555 ignorantia
3080 1472 3260 1554 juria,
3276 1490 3420 1554 quae

1919 1588 2046 1633 non
2090 1579 2368 1634 excusat.
2415 1572 2558 1634 Haec
2601 1572 2970 1635 Richardus.

2001 1669 2353 1733 Concor-dat
2385 1670 2634 1745 scotus,
2668 1671 2779 1753 qui
2817 1679 2883 1734 et
2909 1670 3156 1753 prolixe
3193 1670 3419 1733 scribit

1918 1768 1997 1831 de
2023 1786 2212 1850 poena
2235 1769 2518 1843 istorum,
2532 1768 2643 1832 sed
2667 1776 3048 1851 pertranseO,
3062 1788 3264 1851 quum
3288 1788 3418 1831 ma-

330 1870 376 1933 si
420 1888 544 1933 nou
593 1868 1009 1951 imprimitur,
1062 1886 1189 1932 uon
1234 1876 1332 1931 est
1388 1868 1811 1933 sanctificatio
1842 1873 1891 1936 B
1918 1866 2015 1948 gis
2048 1868 2362 1948 pertineat
2388 1868 2466 1930 ad
2493 1867 2774 1949 juristaS.
2806 1904 2889 1914 —
2915 1869 3004 1931 De
3042 1868 3414 1931 initerabili-

330 1967 729 2051 baptismalis.
764 1967 976 2030 Semel
1025 1985 1175 2049 ergo
1222 1966 1651 2031 sanctificatos
1698 1970 1812 2031 Ba-

330 2068 545 2149 ptismo
593 2064 997 2148 impossibile
1033 2073 1130 2127 est
1172 2066 1386 2128 denuo
1425 2066 1812 2130 sanctificari

332 2164 821 2227 sanctificatione
868 2164 1293 2245 Baptismatis.
1323 2200 1407 2209 —
1448 2164 1590 2227 Haec
1639 2164 1813 2229 Guil-

332 2263 563 2326 lelmuS.
598 2262 717 2337 Qui
748 2270 815 2325 et
840 2261 1033 2324 aliam
1072 2262 1266 2343 hujus
1302 2262 1395 2325 rei
1435 2282 1689 2326 causam
1720 2282 1813 2327 as-

333 2361 520 2443 signat
560 2380 735 2424 nunc
780 2360 1259 2443 praeinductam.

403 2460 711 2524 Consonat
742 2460 1037 2533 Thomas,
1070 2464 1135 2521 et
1171 2467 1462 2542 quartam
1504 2461 1813 2524 rationem

332 2558 604 2640 adjungit
637 2578 652 2620 ε
686 2558 1071 2641 BaptismuS‚
1118 2559 1361 2633 dicenS,
1411 2578 1813 2642 nequaquam

332 2663 420 2717 est
458 2656 803 2730 iterandus,
838 2673 1040 2739 quum
1080 2656 1165 2719 sit
1208 2657 1450 2720 directe
1500 2658 1817 2721 medicina

333 2763 533 2817 contra
572 2754 887 2837 originale
928 2748 1285 2837 pecc‘atum,
1320 2757 1490 2837 quod
1534 2773 1661 2819 non
1702 2756 1816 2819 ite-

330 2860 501 2916 ratur.
523 2854 703 2928 ltem,
734 2853 905 2916 sicut
933 2853 1001 2915 in
1028 2853 1441 2917 Eucharistiae
1469 2872 1818 2917 sacramen·

332 2960 389 3014 to
431 2951 865 3014 sanctificatur
912 2952 1195 3025 materia,
1237 2952 1329 3014 sie
1379 2951 1445 3015 in
1493 2953 1816 3035 Baptismo

1920 1972 2045 2027 tate
2087 1983 2343 2047 quoque
2384 1965 2690 2048 Baptismi
2734 1973 2999 2029 testatur
3037 1985 3052 2029 ε
3087 1966 3414 2029 Ponuntur

1920 2063 2152 2146 aliquae
2183 2065 2460 2127 rationes
2497 2066 2576 2128 de
2615 2065 2755 2128 hoc.
2789 2066 2923 2129 Una
2955 2073 3073 2141 est,
3106 2066 3410 2148 quoniam

1921 2162 2210 2225 Christus
2239 2180 2366 2227 non
2397 2163 2522 2226 nisi
2553 2164 2752 2227 semel
2779 2172 2879 2227 est
2906 2163 3316 2247 baptizatus*,
3349 2171 3414 2227 et
3440 2186 3710 2232 *etiamof-

1919 2260 2276 2342 Baptismus
2307 2262 2608 2325 virtutem
2637 2262 2832 2326 habet
2857 2282 2894 2325 a
2924 2264 3213 2346 passione
3242 2262 3416 2326 Chri·
3439 2255 3542 2295 “¹¹¹⁸

1922 2358 2023 2421 sti.
2066 2359 2276 2422 Prima
2317 2378 2470 2424 vero
2516 2362 2717 2442 gratia
2765 2380 2877 2423 seu
2927 2361 3241 2425 absolutio
3287 2379 3417 2425 non

1922 2457 2108 2520 datur
2149 2458 2412 2521 inimico
2453 2459 2578 2521 nisi
2618 2478 2732 2542 per
2771 2460 3073 2522 meritum
3117 2460 3420 2523 mediato—

1924 2556 2033 2630 riS,
2066 2564 2129 2619 et
2167 2564 2380 2620 tamen
2419 2558 2796 2622 Poenitentia
2835 2559 3116 2622 iteratur.
3151 2560 3289 2622 Alia
3327 2577 3422 2623 ra·

1922 2654 2012 2718 tio
2069 2657 2350 2738 ponitur,
2402 2657 2554 2739 quia
2611 2658 2677 2719 in
2725 2657 3049 2739 Baptismo
3101 2657 3425 2721 character

1924 2754 2339 2837 imprimitur,
2374 2756 2485 2836 qui
2525 2754 2887 2819 indelebilis
2925 2762 3040 2818 est.
3075 2755 3224 2829 Quae
3262 2755 3424 2818 ratio

1926 2852 2155 2934 probat
2201 2853 2600 2936 propositum
2649 2872 2764 2936 per
2810 2853 3324 2916 immanifestius,
3370 2853 3424 2917 A

1924 2951 2245 3034 principio
2274 2952 2446 3014 enim
2478 2951 2860 3033 evangelicas
2890 2951 3048 3034 legis
3079 2952 3285 3035 patuit
3310 2950 3424 3013 Ba-

332 3050 691 3133 baptizatus,
725 3069 843 3134 per
876 3050 1258 3113 characteris
1302 3052 1811 3135 impressionem.
1852 3054 1897 3118 C
1926 3050 2236 3133 ptismum
2267 3067 2394 3113 non
2423 3068 2564 3113 esse
2593 3049 2971 3113 iterandum.
3005 3050 3182 3126 Quod
3209 3057 3424 3113 autem

332 3149 485 3225 Ideo,
534 3150 703 3214 sicut
748 3149 938 3212 fieret
988 3149 1226 3231 injuria
1276 3149 1709 3225 Eucharistiae,
1760 3151 1816 3214 si

331 3246 521 3311 hostia
548 3253 918 3312 consecrata
945 3266 1167 3311 rursus
1198 3256 1701 3328 consecraretur3
1723 3249 1817 3312 sic

332 3345 660 3429 Baptismo‚
694 3346 747 3410 si
797 3345 997 3409 semel
1046 3364 1195 3409 vere
1240 3345 1595 3429 baptizatus
1643 3347 1818 3410 reba—

334 3445 607 3526 ptizetur.
642 3445 789 3508 Haec
818 3444 1088 3507 Thomas
1130 3445 1197 3507 in
1231 3445 1499 3527 Scripto.
1531 3446 1817 3508 —Idem

336 3542 397 3604 in
422 3543 603 3605 tertia
632 3549 835 3626 parte,
868 3541 1217 3624 quaestione
1257 3543 1651 3625 sexagesima
1679 3562 1815 3606 sex-

335 3649 408 3703 ta.
459 3641 569 3705 Ubi
618 3648 685 3704 et
731 3639 909 3703 addit
954 3640 1033 3702 de
1080 3640 1489 3724 cataphrygis
1546 3641 1817 3724 aliisque

333 3738 655 3814 haereticis,
687 3738 801 3822 qui
836 3739 916 3801 ad
958 3737 1310 3801 Ecclesiam
1348 3739 1685 3802 redeuntes
1724 3759 1817 3802 re·

332 3835 825 3920 baptizabantur,
875 3836 1027 3918 quia
1072 3854 1200 3900 non
1256 3845 1437 3900 erant
1492 3838 1559 3900 in
1610 3836 1817 3902 forma

328 3935 660 3999 verborum
690 3934 908 3998 debita
936 3934 1256 4016 baptizati.
1279 3934 1356 3997 Et
1385 3936 1453 3998 in
1481 3935 1581 3998 his
1611 3937 1820 4000 docto-

330 4050 427 4095 τω
468 4034 871 4097 concordant.

406 4131 489 4195 De
530 4150 721 4215 poena
764 4148 915 4194 vero
960 4130 1489 4212 rebaptizantium
1535 4139 1599 4195 et
1638 4133 1816 4196 reba-

1926 3148 1992 3210 in
2022 3149 2348 3231 Baptismo
2379 3149 2784 3230 imprimatur
2813 3149 3159 3225 character,
3177 3167 3305 3212 non
3338 3149 3426 3212 ita

1924 3267 1962 3310 a
1992 3247 2312 3330 principio
2340 3247 2760 3311 institutionis
2789 3247 3096 3331 Baptismi
3129 3247 3422 3322 innotuit,

1926 3363 2136 3428 neque
2165 3363 2241 3408 ex
2273 3353 2404 3408 tota
2431 3344 2772 3427 Scriptura,
2786 3364 2906 3408 nec
2935 3346 3126 3408 etiam
3159 3364 3236 3408 ex
3268 3345 3428 3407 mul-

1926 3444 2008 3506 tis
2051 3443 2458 3506 evidentibus
2500 3444 2981 3507 auctoritatibus
3025 3444 3420 3507 Sanctorum.

1926 3541 2005 3604 Et
2031 3541 2352 3624 praeeipue
2380 3541 2500 3605 hoc
2525 3541 2789 3616 videtur,
2803 3540 3092 3624 quoniam
3119 3542 3172 3604 si
3201 3541 3428 3604 fuisset

1926 3641 2204 3703 multum
2236 3639 2383 3702 inde
2412 3646 2749 3701 tractatum
2779 3659 2816 3702 a
2845 3640 3426 3721 SanctiS,Magister

1926 3738 2396 3802 Sententiarum
2455 3736 2846 3800 mentionem
2904 3737 3053 3799 inde
3111 3736 3369 3800 fecisset
3405 3755 3422 3817 ;

1926 3837 2037 3920 qui
2076 3844 2292 3899 tamen
2333 3835 2399 3896 in
2439 3842 2568 3897 tota
2604 3835 2724 3897 ista
2759 3835 3166 3898 distinctione
3204 3843 3269 3898 et
3305 3842 3427 3898 tra-

1924 3943 2097 3998 ctatu
2126 3935 2207 3997 de
2234 3933 2555 4016 Baptismo
2581 3932 2818 3996 nullam
2850 3934 2998 3996 inde
3027 3932 3237 3997 efficit
3261 3952 3428 3997 men-

1925 4035 2164 4098 tionem
2216 4033 2283 4094 in
2330 4050 2406 4095 ea
2445 4032 2913 4113 significatione
2961 4051 3088 4114 qua
3135 4032 3425 4096 doctores

1926 4151 2098 4196 nunc
2132 4133 2279 4196 inde
2311 4134 2675 4217 loquuntur.
2696 4131 2833 4195 Non
2863 4131 3039 4194 enim
3069 4130 3194 4195 nisi
3225 4132 3424 4195 semel

334 4229 701 4312 ptizatorum
739 4229 915 4292 addit
952 4229 1301 4302 Richardus
1335 4247 1351 4292 ε
1383 4229 1501 4303 Qui
1536 4232 1818 4297 secundo
1847 4233 1899 4296 D
1928 4232 2231 4315 exprimit
2258 4250 2494 4296 nomen
2533 4230 2676 4305 hoc,
2709 4249 2910 4312 quum
2947 4229 3039 4292 ait
3076 4230 3142 4292 in
3181 4229 3300 4294 iata
3329 4230 3422 4293 di-

334 4347 463 4392 sese
509 4328 749 4392 faceret
796 4327 1124 4410 baptizari,
1166 4329 1459 4410 quamvis
1502 4329 1821 4411 ignoraret

334 4445 399 4490 se
444 4427 827 4511 baptizatum
884 4426 1249 4508 irregularis
1296 4434 1413 4502 est,
1464 4431 1817 4493 secundum

334 4527 649 4606 quosdam.
700 4526 877 4589 Unde
924 4526 1003 4588 de
1054 4526 1559 4601 consecratione,
1600 4529 1821 4592 distin-

334 4625 529 4688 ctione
564 4625 625 4699 4,
660 4625 780 4699 Qui
822 4624 925 4686 bis
959 4643 973 4687 ε
1008 4624 1125 4698 Qui
1163 4624 1464 4708 baptizati
1506 4635 1655 4690 sunt
1693 4628 1815 4704 his,

334 4722 704 4802 ignoranter,
739 4741 855 4806 pro
892 4723 1013 4787 hoc
1055 4740 1183 4786 non
1222 4725 1510 4806 indigent
1552 4727 1818 4808 poenite-

334 4838 421 4894 re,
454 4823 573 4886 nisi
612 4823 783 4905 quod
821 4823 1177 4886 secundum
1215 4824 1499 4888 Canones
1537 4826 1817 4889 ordinari

335 4937 457 4982 non
497 4929 761 5004 possunt
797 4921 921 4984 nisi
962 4940 1191 5003 magna
1228 4931 1411 5003 cogat
1448 4927 1811 4988 necessitas,

336 5017 503 5090 Quod
555 5020 843 5083 additum
900 5028 1018 5094 est,
1078 5023 1379 5103 quoniam
1440 5023 1817 5087 imminente

336 5117 719 5192 necessitate,
770 5137 921 5180 cum
976 5117 1088 5180 tali
1148 5119 1647 5202 dispensandum
1696 5129 1811 5184 est.

338 5211 491 5276 Cum
524 5215 635 5279 illo
666 5234 822 5280 vero
858 5216 971 5298 qui
1020 5235 1087 5280 se
1126 5217 1401 5281 scienter
1447 5218 1685 5283 faceret
1726 5239 1821 5284 re-

338 5309 651 5395 baptizari,
682 5332 811 5378 non
849 5323 1067 5399 posset
1102 5317 1443 5401 episcopus
1489 5318 1815 5402 dispensa-

578 5447 641 5500 T.
675 5449 756 5502 22¹.

1926 4331 2288 4406 stinctione,
2321 4331 2531 4415 primo
2561 4329 2861 4412 capitulo,
2893 4329 3113 4393 dicens
3147 4347 3162 4392 t
3194 4331 3311 4405 Qui
3343 4331 3456 4394 ab.

1927 4429 2242 4493 haereticis
2273 4429 2572 4512 baptizati
2604 4436 2772 4503 sunt,
2785 4437 3035 4493 servato
3065 4429 3426 4494 charactere

1928 4528 2183 4602 Christi,
2217 4528 2650 4611 rebaptizandi
2690 4545 2818 4591 non
2859 4537 3025 4590 sunt.
3061 4528 3178 4591 Ubi
3213 4529 3428 4592 chara-

1928 4633 2062 4689 cter
2091 4626 2321 4690 Christi
2354 4634 2616 4690 vocatur
2653 4625 2859 4690 forma
2896 4626 3226 4709 Baptismi,
3259 4627 3427 4690 sicut

1924 4733 2192 4808 apparet
2230 4745 2308 4788 ex
2350 4726 2722 4789 auctoritate
2760 4726 3095 4808 Augustini
3142 4727 3425 4808 praemis-

1926 4844 2009 4898 sa,
2026 4843 2105 4888 ex
2135 4844 2264 4907 qua
2289 4825 2583 4907 Magister
2611 4824 2805 4888 infert
2834 4824 2954 4887 hoe
2984 4825 3248 4887 dictum.
3270 4824 3423 4887 Dico

1925 4941 2096 5006 erge,
2130 4925 2302 5006 quod
2351 4923 2509 4987 ratio
2558 4922 3053 4986 initerabilitatis
3103 4923 3420 4986 institutio

1924 5031 2022 5086 est
2050 5023 2287 5098 divina,
2323 5023 2508 5105 cujus
2545 5040 2672 5085 non
2707 5029 2802 5085 est
2838 5021 2963 5083 alia
3001 5039 3191 5084 causa
3220 5021 3416 5104 prior,

1925 5123 2048 5186 nisi
2096 5123 2391 5186 voluntas
2437 5122 2597 5203 ejus.
2649 5120 2796 5194 Quae
2841 5128 3055 5183 tamen
3105 5121 3420 5184 institutio

1926 5221 2320 5285 rationabilis
2349 5227 2466 5296 est,
2500 5227 2572 5283 ut
2600 5227 2773 5302 patet
2801 5237 2879 5283 ex
2907 5220 3258 5284 rationibus
3283 5220 3419 5302 jam

1926 5319 2225 5385 inductis
2269 5321 2415 5386 Haec
2457 5319 2698 5384 Scotus.

3111 5457 3172 5508 11
