4267 6250
81 4807 151 4851 soh
174 4823 225 4858 ix,
248 4811 313 4856 28.

1034 490 1121 537 An
1162 488 1499 539 emmaus
1542 489 1869 537 murtssto
1908 489 2144 537 Dm?
2182 489 2492 537 nomana
2531 491 2746 539 onmA

3321 470 3439 535 ³71

332 660 473 725 lum
518 669 835 745 quantum
876 644 947 723 ⁶in
988 680 1057 723 se
1099 667 1196 725 est
1236 660 1638 725 obstaculum
1688 680 1843 745 prae-
1872 660 1925 725 A
1956 660 2214 724 crimini
2257 680 2326 725 se
2369 662 2790 725 committens.
2825 662 3250 727 conformiter
3294 678 3446 744 quo-

330 762 511 826 bens.
524 762 759 825 Verum
790 780 870 823 ex
899 760 1011 823 illa
1040 769 1219 843 parte
1249 780 1376 843 qua
1406 759 1846 823 erubescentia

330 860 763 924 confessionis
820 860 1065 943 peccati
1116 877 1372 941 poenam
1422 857 1841 931 diminuebat,

332 979 527 1043 poena
568 959 755 1022 istius
795 958 1042 1041 peccati
1081 958 1161 1021 de
1200 976 1329 1039 quo
1370 956 1515 1039 quis
1554 956 1844 1039 speciali-

333 1066 433 1121 ter
460 1077 681 1121 coram
712 1057 1039 1121 sacerdote
1069 1074 1197 1119 non
1230 1056 1511 1130 erubuit,
1527 1056 1846 1118 diminuta

330 1174 465 1221 non
509 1163 627 1219 est.

416 1254 483 1317 Si
526 1271 685 1317 vero
724 1261 1069 1336 quaeratur,
1100 1272 1181 1315 an
1226 1272 1301 1316 ea
1343 1270 1487 1335 quae
1526 1252 1671 1334 quis
1715 1270 1842 1315 non

332 1352 688 1415 confitetur
714 1369 792 1413 ex
826 1350 1203 1432 ignorantia,
1232 1370 1347 1433 per
1376 1349 1843 1414 confessionem

331 1452 503 1514 hanc
532 1450 871 1513 deleantur
902 1466 917 1511 ε
952 1450 1320 1523 dicendum,
1354 1449 1525 1531 quod
1556 1448 1846 1529 ignoran-

334 1549 425 1612 tia
451 1548 621 1629 juris
654 1564 783 1610 non
812 1554 1096 1621 excusat,
1130 1566 1331 1629 quum
1361 1554 1427 1610 et
1456 1546 1595 1628 ipsa
1624 1564 1844 1628 pecca-

332 1656 477 1709 tum
506 1647 629 1725 sit3
662 1646 773 1709 sed
806 1645 1161 1729 ignorantia
1192 1644 1343 1708 facti
1373 1651 1653 1708 excusat.
1668 1644 1843 1707 Unde

332 1744 575 1828 aliquis
604 1745 685 1808 de
714 1744 837 1807 hoc
878 1744 1051 1826 quod
1082 1761 1210 1806 non
1250 1742 1594 1805 confitetur
1624 1760 1847 1824 pecca-

1952 776 2079 842 que
2108 760 2396 842 periculo
2423 780 2490 823 se
2516 762 2856 824 committit
2881 761 2994 844 qui
3020 762 3100 825 de
3129 761 3248 825 hoc
3277 760 3444 843 quod

1953 857 2203 922 dubitat
2259 878 2400 924 esse
2457 861 2741 933 mortale,
2793 860 3058 942 negligit
3111 859 3443 940 confiteri;

1952 974 2079 1019 non
2126 965 2338 1021 tamen
2379 958 2568 1021 debet
2603 977 2886 1022 asserere
2921 977 2990 1021 se
3029 958 3093 1021 in
3138 959 3258 1023 hoc
3302 977 3446 1041 pec-

1952 1074 2128 1119 casse
2176 1056 2544 1130 mortaliter,
2577 1058 2686 1119 sed
2726 1056 3078 1120 dubitative
3115 1056 3313 1139 loqui,
3349 1076 3445 1119 se-

1952 1172 2077 1236 que
2118 1154 2516 1217 committere
2547 1154 2794 1236 judicio
2825 1154 3226 1228 confessoris,
3259 1154 3446 1236 cujus

1952 1260 2049 1315 est
2088 1252 2254 1315 inter
2291 1253 2532 1335 lepram
2573 1261 2636 1315 et
2675 1272 2802 1317 non
2840 1253 3082 1336 lepram
3126 1253 3444 1316 discerne—

1954 1368 2041 1412 re.
2076 1349 2142 1413 Si
2179 1358 2394 1414 autem
2433 1351 2579 1434 quis
2617 1358 2799 1434 putet
2835 1370 2904 1414 se
2933 1351 3002 1413 in
3036 1351 3252 1433 aliqua
3279 1368 3448 1413 com-

1956 1447 2258 1511 missione
2291 1449 2391 1512 vel
2421 1449 2766 1513 omissione
2803 1468 3122 1532 peccasse,
3153 1448 3446 1531 quamvis

1954 1546 2041 1609 ita
2084 1564 2212 1609 non
2253 1548 2358 1623 sit,
2391 1556 2457 1610 et
2496 1548 2666 1611 dicat
2711 1568 2778 1611 se
2827 1548 2916 1610 ibi
2965 1566 3282 1629 peccasse,
3317 1564 3444 1609 non

1954 1651 2051 1707 est
2090 1646 2448 1727 periculum
2482 1665 2498 1709 ε
2529 1647 2682 1729 quia
2717 1646 3070 1711 formaliter
3101 1663 3227 1708 non
3271 1664 3446 1707 men-

1955 1743 2127 1806 titur.
2181 1780 2262 1790 —
2308 1742 2452 1809 Haec
2509 1746 2797 1808 Thomas.
2850 1745 2968 1818 Qui
3024 1752 3090 1806 et
3143 1743 3298 1806 alibi
3354 1762 3450 1805 re-

334 1850 399 1906 ta
446 1863 593 1926 quae
640 1862 721 1906 ex
764 1842 1123 1923 ignorantia
1166 1840 1334 1922 juris
1380 1839 1584 1902 divini
1640 1839 1919 1902 nescitB
1956 1842 2329 1925 spondendo
2375 1844 2453 1905 ad
2507 1842 2696 1917 istud,
2747 1843 2915 1925 quod
2965 1841 3225 1926 quidam
3285 1860 3447 1904 mar-

334 1960 479 2005 esse
510 1949 795 2024 peccata,
828 1958 956 2003 non
987 1947 1332 2003 excusatur
1356 1959 1393 2002 a
1426 1938 1705 2002 fictione.
1730 1939 1846 2001 Ex-

338 2048 673 2103 cusaretur
712 2048 951 2113 tamen,
984 2040 1037 2101 si
1082 2038 1359 2102 nesciret
1399 2056 1475 2100 ea
1516 2056 1656 2101 esse
1706 2055 1847 2119 pec-

338 2147 491 2211 cata,
504 2157 584 2201 ex
616 2137 973 2219 ignorantia
1002 2136 1407 2219 particularis
1438 2137 1848 2199 circumstan-

337 2238 467 2311 tiae,
500 2244 573 2298 ut
602 2236 657 2297 si
698 2234 997 2316 cognovit
1034 2235 1309 2299 alienam
1344 2254 1537 2317 quam
1578 2234 1849 2297 credidit

338 2352 479 2397 esse
508 2326 713 2396 suam.
748 2333 872 2396 Sed
900 2331 1143 2396 oblivio
1182 2332 1261 2395 de
1290 2341 1436 2396 actu
1468 2332 1709 2415 peccati
1744 2332 1849 2394 ha-

340 2432 447 2495 bet
498 2430 925 2513 ignorantiam
974 2430 1123 2493 facti
1164 2448 1180 2493 :
1220 2430 1461 2494 idcirco
1504 2437 1765 2493 excusat
1811 2448 1849 2491 a

340 2531 629 2595 fictionis
675 2538 959 2612 peccat0,
994 2530 1082 2592 ita
1124 2529 1293 2611 quod
1340 2530 1405 2591 in
1446 2529 1846 2593 confessione

338 2648 463 2693 non
497 2629 773 2711 impedit
802 2627 1085 2691 fructum
1125 2627 1546 2691 confessionis
1574 2635 1639 2689 et
1664 2626 1845 2689 abso-

338 2728 623 2791 lutionis.

412 2828 727 2891 Praeterea
766 2825 1094 2909 quaeritur,
1126 2844 1207 2888 an
1248 2825 1394 2908 quis
1434 2824 1605 2887 licite
1641 2824 1846 2887 valeat

336 2925 639 2991 confiteri
672 2932 1005 3008 peccatum
1036 2924 1207 3006 quod
1240 2941 1366 2986 non
1396 2923 1605 2986 habet.
1626 2924 1847 2986 Dicen-

1956 1948 2057 2024 tyr
2088 1941 2404 2024 persuasit
2431 1942 2556 2004 sibi
2597 1942 2840 2025 imponi
2879 1942 3122 2005 crimen
3151 1942 3447 2005 adulterii

1957 2039 2372 2103 commissum
2403 2040 2485 2103 ab
2513 2039 2660 2114 alio,
2693 2041 2850 2103 dicit
2887 2041 3008 2103 hoc
3036 2058 3166 2104 non
3203 2060 3343 2104 esse
3369 2041 3448 2103 ad

1958 2138 2380 2201 imitationem
2426 2138 2830 2202 trahendum.

2040 2237 2390 2300 Concordat
2435 2238 2654 2301 Petrus
2699 2256 2714 2299 t
2757 2238 2945 2312 DeuS,
2997 2237 3317 2319 inquienS,
3359 2256 3452 2300 re-

1957 2335 2157 2417 quirit
2185 2334 2267 2397 ab
2297 2335 2557 2398 homine
2595 2335 2658 2397 id
2699 2336 2869 2419 quod
2900 2343 3128 2418 potest,
3159 2353 3288 2397 non
3317 2355 3450 2397 am-

1958 2433 2147 2515 pliuS.
2182 2435 2518 2515 Quumque
2559 2434 2622 2495 in
2665 2434 2942 2497 hominis
2982 2441 3291 2517 potestate
3321 2452 3446 2497 non

1957 2530 2039 2591 sit
2065 2536 2322 2612 peccata
2348 2529 2545 2593 oblita
2569 2529 2864 2593 confiteri
2891 2530 2955 2592 in
2981 2528 3449 2613 speciali,Deus

1958 2628 2021 2689 id
2061 2627 2146 2689 ab
2183 2627 2442 2690 homine
2483 2645 2610 2690 non
2655 2628 2940 2710 requirit.
2988 2628 3108 2691 Sed
3153 2628 3450 2691 confiteri

1956 2744 2031 2788 ea
2070 2725 2135 2787 in
2174 2725 2478 2806 generali,
2517 2726 2582 2788 in
2628 2733 2936 2808 potestate
2979 2734 3076 2789 est
3115 2725 3397 2789 hominis
3431 2744 3445 2787 :

1958 2824 2101 2887 ideo
2138 2823 2328 2886 debet
2369 2824 2490 2886 boc
2532 2823 2760 2887 facere.
2801 2824 2946 2887 Haec
2987 2824 3226 2887 Petrus.
3260 2860 3337 2871 —
3379 2825 3448 2886 In

1956 2923 2056 2985 his
2102 2923 2564 2997 Bonaventura,
2607 2924 2985 2999 RicharduS‚
3033 2922 3450 3005 Argentinen-

333 3024 701 3107 dum‚quod
733 3023 1053 3106 poenitens
1081 3021 1273 3085 debet
1300 3040 1417 3083 sua
1444 3020 1845 3084 confessione
1882 3018 1926 3083 G
1956 3021 2066 3094 siS,
2098 3022 2336 3105 aliique
2376 3023 2800 3086 communiter
2837 3029 2987 3085 sunt
3023 3022 3388 3085 concordes.

336 3143 405 3188 se
438 3122 854 3187 manifestare
884 3119 1254 3186 confessori.
1280 3118 1395 3195 Qui
1427 3129 1639 3182 autem
1670 3119 1845 3182 aliud

334 3223 499 3285 dicit
524 3240 721 3305 quam
754 3221 818 3284 in
852 3238 967 3283 sua
1005 3218 1397 3282 conscientia
1428 3217 1621 3281 sentit
1651 3227 1715 3280 et
1743 3217 1849 3280 ha·

336 3322 471 3396 bet,
504 3320 644 3384 sive
694 3320 762 3384 in
811 3319 1077 3394 bonum,
1118 3319 1253 3382 sive
1304 3319 1369 3381 in
1420 3318 1685 3391 malum,
1721 3335 1846 3380 non

336 3439 405 3484 se
452 3417 824 3482 manifestat
864 3418 1199 3492 sacerdoti,
1232 3417 1341 3480 sed
1392 3416 1593 3498 magis
1639 3416 1848 3479 occul-

337 3525 429 3580 tat
472 3534 489 3578 :
534 3516 679 3580 ideo
726 3515 1045 3580 confessio
1094 3515 1240 3577 talis
1286 3533 1415 3578 non
1462 3515 1650 3588 valet,
1688 3533 1844 3598 prae-

336 3615 564 3679 sertim
597 3613 747 3696 quia
776 3631 903 3676 non
936 3613 1086 3676 licet
1116 3613 1407 3692 mentiri3
1440 3613 1569 3676 imo
1598 3620 1848 3696 oportet

337 3713 513 3797 quod
544 3731 617 3776 os
656 3711 829 3774 cordi
871 3711 1231 3774 concordet.
1266 3747 1339 3757 —
1374 3712 1451 3773 Et
1488 3711 1541 3774 si
1582 3711 1847 3792 objicia-

336 3821 469 3886 tur,
521 3810 674 3893 quia
732 3809 1087 3873 secundum
1137 3809 1531 3890 Gregorium,
1594 3809 1842 3892 piarum

338 3917 439 3974 est
486 3909 799 3971 mentium
846 3924 1229 3988 cognoscere
1270 3906 1526 3989 culpam
1566 3906 1675 3968 ubi
1717 3925 1845 3969 non

338 4014 439 4071 est
472 4025 487 4070 ε
520 4007 1062 4089 respondendum,
1096 4005 1267 4087 quod
1308 4006 1427 4068 hoc
1467 4023 1593 4067 non
1630 4012 1728 4068 est
1758 4004 1849 4067 in-

338 4105 765 4188 telligendum
810 4111 1123 4187 quantum
1164 4103 1241 4165 ad
1282 4102 1702 4166 substantiam
1746 4121 1849 4165 ac-

2039 3118 2112 3181 Et
2160 3119 2334 3182 addit
2377 3120 2835 3196 Bonaventura,
2883 3120 3327 3205 respondendo
3370 3122 3448 3185 ad

1958 3217 2150 3292 istud,
2183 3238 2262 3281 an
2297 3219 2486 3281 liceat
2527 3219 2591 3281 in
2631 3220 3031 3283 confessione
3069 3221 3277 3283 aliena
3306 3241 3452 3304 pec-

1956 3323 2093 3378 cata
2123 3315 2363 3378 referre
2397 3333 2412 3377 :
2444 3317 2570 3378 Aut
2606 3316 2814 3380 aliena
2852 3327 3111 3400 peccata
3147 3327 3299 3382 sunt
3337 3319 3452 3382 im-

1957 3414 2344 3496 pertinentia
2390 3414 2470 3477 ad
2527 3415 2726 3477 nostri
2785 3416 3257 3479 accusationem
3307 3437 3450 3500 pec-

1956 3512 2101 3586 cati,
2165 3520 2228 3575 et
2288 3512 2496 3576 solum
2559 3531 2636 3574 ex
2699 3515 2973 3596 quadam
3034 3516 3450 3579 associatione

1957 3618 2316 3686 narrantur,
2358 3610 2459 3674 vel
2503 3611 2582 3674 ad
2625 3605 3100 3676 excusationem
3142 3613 3450 3677 alleviati-

1954 3728 2274 3793 onemque
2321 3710 2594 3792 propriae
2641 3712 2867 3794 culpae,
2920 3718 2992 3773 ut
3039 3712 3254 3776 minus
3301 3731 3450 3776 con-

1956 3807 2299 3871 fundamur
2324 3827 2340 3887 ;
2381 3817 2445 3871 et
2491 3809 2612 3872 hoc
2661 3808 2955 3872 illicitum
2999 3819 3115 3882 est,
3157 3811 3450 3892 quamvis

1957 3906 2142 3968 multi
2194 3907 2385 3969 etiam
2435 3906 2762 3990 simplices
2821 3909 2887 3971 in
2939 3909 3058 3971 boc
3107 3909 3446 3984 excedunt,

1955 4022 2103 4067 suos
2143 4005 2458 4086 tangendo
2500 4006 2745 4069 vicinos
2787 4007 2852 4068 in
2897 4006 3318 4081 confessione,
3355 4007 3449 4070 di·

1954 4103 2158 4165 cendo
2191 4121 2206 4164 ε
2239 4103 2363 4166 Nos
2401 4123 2626 4166 sumus
2665 4105 2961 4178 usurarii,
2994 4106 3306 4180 mendosi,
3337 4123 3450 4186 gu-

336 4213 467 4278 tna,
500 4203 807 4286 quoniam
846 4202 953 4284 pia
994 4221 1173 4265 mens
1215 4221 1341 4266 non
1385 4200 1577 4265 debet
1613 4203 1847 4265 sentire
1875 4200 1926 4263 D
1956 4200 2093 4264 losi.
2130 4201 2278 4264 Ideo
2305 4201 2462 4264 tales
2491 4209 2642 4264 sunt
2668 4221 2706 4264 a
2735 4203 3098 4267 confessore
3132 4204 3449 4266 instruen-

338 4322 409 4366 se
440 4301 700 4383 culpam
738 4300 1157 4375 commisisse,
1190 4319 1381 4382 quam
1426 4317 1553 4363 non
1585 4301 1849 4363 commi-

338 4401 459 4478 sit3
493 4399 606 4462 sed
638 4397 1125 4479 intelligendum
1165 4405 1262 4460 est
1290 4405 1602 4481 quantum
1642 4398 1721 4460 ad
1750 4415 1849 4460 ac-

340 4507 445 4560 tus
474 4496 931 4569 conditionem,
965 4497 1267 4578 quoniam
1306 4496 1519 4578 justus
1557 4495 1743 4560 timet
1779 4515 1847 4559 se

343 4596 674 4659 incurrere
737 4595 1047 4677 quosdam
1114 4593 1403 4657 defectus
1466 4594 1843 4677 culpabileS,

341 4694 540 4757 etiam
573 4693 638 4755 in
669 4692 856 4756 bonis
894 4712 1039 4775 quae
1076 4692 1227 4774 agit,
1257 4693 1439 4773 juxta
1479 4693 1639 4754 illud
1677 4691 1793 4755 Job
1827 4709 1841 4754 :

340 4792 623 4856 Verebar
668 4791 887 4854 omnia
926 4808 1119 4873 opera
1170 4809 1329 4854 mea.
1371 4827 1452 4837 —
1494 4792 1684 4855 Porro
1732 4792 1845 4874 qui

341 4891 593 4954 dubitat
622 4890 703 4953 de
731 4888 947 4971 aliquo
977 4906 1093 4952 suo
1131 4896 1415 4972 peccato,
1447 4908 1526 4951 an
1566 4889 1651 4952 sit
1682 4908 1845 4954 mor·

340 4988 489 5062 tale,
551 4993 808 5050 tenetur
869 4986 1028 5048 illud
1091 4986 1383 5050 confiteri
1448 4986 1845 5051 dubitatione

341 5091 641 5148 manente
673 5100 689 5146 ε
720 5084 875 5166 quia
912 5083 1023 5166 qui
1068 5084 1313 5166 aliquid
1357 5085 1699 5148 committit
1741 5085 1842 5147 vel

338 5183 581 5247 omittit
639 5182 705 5244 in
758 5199 887 5264 quo
942 5181 1359 5264 probabiliter
1404 5183 1652 5246 dubitat
1702 5203 1843 5246 esse

340 5289 679 5364 peccatum
720 5279 1008 5354 mortale,
1043 5288 1267 5365 peccat
1306 5281 1675 5357 mortaliter,
1714 5282 1840 5344 dis-

1956 4299 2020 4360 di
2051 4308 2115 4362 et
2145 4300 2537 4383 increpandi,
2571 4308 2642 4363 ut
2669 4301 2874 4364 vitent
2900 4301 3289 4383 hujusmodi.
3321 4303 3450 4367 Aut

1956 4406 2215 4479 peccata
2243 4399 2506 4462 alterius
2542 4418 2788 4463 annexa
2827 4410 2978 4464 sunt
3007 4401 3259 4476 nostriS,
3293 4409 3364 4464 ut
3394 4402 3446 4464 si

1957 4498 2190 4560 mulier
2220 4497 2471 4579 cognita
2499 4505 2596 4560 est
2627 4517 2664 4559 a
2697 4515 2814 4561 suo
2841 4499 3144 4582 episcopo
3171 4507 3281 4562 aut
3309 4498 3448 4563 viro

1956 4595 2251 4677 religioso
2287 4613 2302 4658 ε
2339 4603 2403 4658 et
2440 4595 2879 4659 tunc.sufficit
2915 4597 3126 4660 dicere
3161 4597 3224 4662 in
3261 4617 3447 4680 gene-

1955 4693 2093 4768 rali,
2119 4694 2289 4775 quod
2317 4692 2552 4776 aliquis
2585 4712 2850 4774 magnus
2883 4695 3179 4776 praelatus
3206 4705 3317 4759 aut
3343 4697 3449 4762 ho-

1956 4810 2061 4855 mo
2091 4791 2426 4872 religiosus
2457 4791 2818 4873 peccaverit
2847 4810 3089 4866 secum,
3113 4813 3228 4856 nec
3259 4794 3450 4859 debet

1952 4888 2030 4951 ad
2063 4894 2298 4950 certam
2341 4904 2676 4969 personam
2717 4887 3104 4950 descendere
3136 4905 3150 4950 ε
3183 4892 3353 4971 quod
3391 4892 3448 4954 si

1952 4985 2198 5059 fecerit,
2244 5005 2281 5047 a
2323 4984 2687 5048 confessore
2731 4993 2828 5048 est
2870 4985 3274 5067 increpanda.
3319 4990 3447 5052 Nec

1950 5084 2141 5147 debet
2177 5083 2504 5148 confessor
2543 5084 2793 5147 curiose
2833 5084 3158 5166 inquirere
3197 5084 3276 5149 de
3307 5105 3448 5168 per-

1948 5201 2119 5246 sona.
2157 5183 2234 5244 Et
2262 5182 2316 5245 si
2349 5191 2530 5265 putat
2565 5183 2732 5265 quod
2763 5182 2846 5244 sit
2873 5201 3143 5265 persona
3171 5184 3276 5247 cui
3310 5203 3448 5267 pos-

1950 5282 2032 5344 sit
2063 5280 2384 5364 prodesse,
2407 5280 2826 5363 expediatque
2857 5299 3006 5344 eum
3033 5283 3220 5360 scire,
3240 5292 3446 5368 potest
