4267 6250
25 583 42 843 *fij*
27 498 41 553 -n
28 405 29 413 ⁴

143 1888 264 1927 n&

1065 520 1144 568 DE
1185 519 1551 566 nummus
1590 519 1692 576 om
1733 519 2114 568 continuum
2154 520 2219 568 m
2258 521 2455 568 ¹188AE
2494 521 2729 570 omero

3328 505 3449 570 347

335 691 405 754 in
449 691 610 767 fide,
653 699 918 774 possent
958 710 1104 754 cum
1149 691 1308 774 ipsis
1351 691 1734 766 conversari,
1775 699 1848 752 ut
1871 690 1924 754 Α
1955 691 2167 756 ctibus
2204 691 2317 774 qui
2356 693 2733 774 contingunt
2765 693 2832 757 in
2870 694 3073 760 Missae
3108 693 3353 770 officio,
3385 703 3451 760 et

337 791 518 872 ipsos
567 799 980 870 convertant3
1031 808 1158 854 non
1203 798 1419 853 autem
1469 791 1535 852 in
1581 789 1840 864 diviniS,

336 889 652 970 quoniam
692 887 1230 952 excommunicati
1269 895 1420 951 sunt
1457 897 1522 951 et
1552 887 1844 970 blasphe-

336 987 450 1049 mi.
489 989 758 1070 Propter
786 988 958 1070 quod
997 988 1062 1050 in
1097 987 1345 1068 judicio
1383 986 1672 1050 saeculari
1711 986 1847 1048 lici-

335 1093 401 1149 te
445 1096 715 1170 possent
758 1087 987 1161 occidi,
1029 1087 1291 1169 suisque
1331 1085 1518 1150 bonis
1560 1086 1842 1169 spoliari,

335 1184 535 1248 etiam
583 1185 640 1248 si
684 1186 846 1249 alios
893 1204 1020 1249 non
1063 1193 1478 1267 corrumpant
1518 1204 1533 1248 ε
1577 1184 1726 1268 quia
1777 1185 1844 1246 in

335 1282 546 1345 Deum
577 1282 942 1364 blasphemi
972 1290 1140 1356 sunt,
1154 1301 1358 1364 quum
1388 1281 1614 1344 falsam
1641 1280 1842 1344 fidem

333 1380 708 1444 observent.
759 1381 1022 1462 Propter
1067 1381 1240 1463 quod
1293 1380 1531 1462 justius
1579 1385 1848 1462 possunt

333 1479 560 1561 puniri
599 1499 795 1561 quam
835 1479 927 1542 rei
959 1479 1248 1542 criminis
1281 1480 1442 1542 laesae
1473 1477 1843 1560 majestatiS,

337 1584 404 1639 ct
447 1597 650 1660 quam
699 1578 766 1640 hi
801 1579 912 1660 qui
950 1576 1174 1640 salsam
1215 1577 1457 1640 cudunt
1503 1583 1842 1639 monetam.

339 1675 488 1738 Raee
531 1676 600 1737 in
645 1675 914 1758 Scripto.

420 1774 618 1837 Porro
667 1773 735 1836 in
791 1773 1072 1836 secunda
1127 1774 1446 1847 secundae,
1497 1773 1847 1855 quaestione

1953 789 2349 872 poenitentiis
2392 791 2823 873 injungendis

2046 889 2223 952 Unde
2279 890 2339 952 S.
2391 890 2662 953 Thomas
2719 890 2825 952 hic
2872 891 3098 954 scribit
3144 891 3223 954 de
3270 892 3444 955 defe-

1953 987 2165 1050 ctibus
2218 989 2329 1070 qui
2388 989 2764 1070 contingunt
2819 989 2885 1052 in
2942 991 3145 1053 Missoe
3198 988 3442 1064 officie,

1953 1093 2018 1148 et
2073 1086 2152 1148 de
2209 1085 2605 1168 poenitentiis
2662 1087 2901 1151 eisdem
2960 1087 3371 1170 injungendis
3425 1105 3441 1150 :

1953 1184 2065 1247 Ille
2099 1185 2287 1266 cujus
2330 1185 2715 1267 negligentia
2749 1187 3003 1260 accidit,
3038 1195 3107 1248 ut
3148 1207 3291 1249 mus
3332 1205 3445 1250 seu

1953 1281 2127 1344 aliud
2179 1283 2441 1345 brutum
2490 1285 2768 1347 comedit
2808 1285 3055 1367 species
3096 1304 3451 1348 sacramen·

1954 1382 2112 1444 tales
2143 1401 2255 1445 scu
2286 1383 2561 1446 hostiam
2592 1391 3047 1460 consecratam,
3077 1386 3452 1469 quadragin-

1955 1486 2020 1541 ta
2057 1479 2285 1543 diebus
2324 1481 2515 1544 debet
2542 1482 2895 1545 secundum
2936 1501 3211 1546 canones
3250 1484 3451 1566 poeni-

1957 1587 2126 1658 tere3
2167 1587 2231 1643 et
2272 1580 2561 1654 bestiola,
2602 1581 2657 1643 si
2702 1583 2842 1665 capi
2892 1589 3120 1664 potest,
3162 1583 3454 1647 comburi

1957 1678 2227 1760 ejusque
2258 1679 2421 1741 cinis
2452 1679 2517 1741 in
2548 1679 2893 1742 sacrarium
2928 1681 3113 1744 mitti.
3144 1681 3210 1744 Si
3238 1689 3451 1744 autem

1957 1776 2195 1839 amissa
2232 1774 2427 1839 suerit
2465 1777 2691 1852 hostia,
2722 1786 2833 1839 aut
2872 1798 3017 1860 pars
3054 1778 3217 1860 ejuS,
3262 1779 3349 1841 ita
3386 1787 3458 1841 ut

341 1873 690 1935 undecima
731 1892 746 1935 :
790 1873 950 1946 Duo,
991 1872 1220 1954 inquit,
1261 1871 1433 1934 circa
1475 1871 1844 1934 haereticum
1883 1878 1930 1941 B
1959 1882 2235 1957 nequeat
2282 1875 2577 1950 inveniri,
2620 1875 2913 1957 poeniteri
2958 1876 3149 1939 debet
3194 1877 3457 1959 triginta

341 1978 615 2054 possunt
655 1971 928 2053 pensari.
959 1972 1166 2035 Unum
1205 1989 1284 2034 ex
1325 1979 1501 2054 parte
1540 1971 1842 2044 haeretici,

341 2079 496 2152 puta
528 2077 866 2152 peccatum
899 2069 1102 2152 ipsius
1117 2086 1146 2156 ,³
1179 2077 1244 2132 et
1274 2089 1390 2152 per
1418 2070 1538 2132 hoc
1569 2077 1851 2132 meretur

337 2187 467 2232 non
497 2168 714 2230 solum
745 2167 1312 2243 excommunicari,
1337 2168 1444 2231 sed
1476 2167 1672 2230 etiam
1700 2185 1848 2230 mox

339 2266 572 2338 occidi,
607 2285 812 2348 quum
853 2265 1058 2328 multo
1086 2266 1342 2347 gravius
1371 2266 1456 2328 sit
1480 2265 1680 2329 fidem
1711 2283 1847 2329 cor·

340 2383 650 2447 rumpere
699 2383 894 2446 quam
945 2371 1265 2426 monetam
1315 2363 1564 2427 falsare.
1615 2363 1849 2426 Secun-

339 2463 494 2525 dum
537 2471 645 2526 est
685 2461 1125 2525 misericordia
1168 2462 1488 2536 Ecclesiae,
1523 2462 1710 2544 cujus
1750 2469 1848 2524 est

341 2569 664 2625 errantem
715 2561 796 2624 ad
845 2561 1178 2624 veritatem
1229 2560 1534 2625 reducere
1583 2576 1600 2622 t
1651 2569 1716 2623 et
1764 2561 1850 2624 ita

343 2661 634 2723 Ecclesia
689 2677 820 2723 non
877 2659 1092 2722 statim
1140 2661 1399 2723 damnat
1449 2660 1844 2734 haereticum,

342 2760 448 2822 sed
513 2759 732 2841 primo
777 2776 852 2820 ac
909 2757 1190 2821 secundo
1247 2758 1354 2840 pie
1397 2777 1472 2820 ac
1525 2757 1847 2840 sapienter

340 2859 648 2921 admonet
674 2875 750 2919 ac
783 2855 1044 2919 instruit
1071 2875 1239 2919 eum.
1275 2856 1392 2930 Qui
1431 2855 1484 2919 si
1516 2865 1670 2919 tunc
1709 2875 1848 2939 per-

343 2956 658 3019 manserit
705 2955 1020 3038 pertinax,
1069 2961 1320 3037 separat
1364 2974 1514 3018 eum
1563 2955 1849 3019 Ecclesia

1960 1972 2207 2035 diebus.
2256 1972 2321 2036 Si
2368 1992 2521 2036 vero
2560 1993 2673 2055 per
2714 1974 3166 2056 negligentiam
3208 1976 3454 2060 aliquid

1958 2072 2038 2135 de
2096 2072 2405 2154 sanguine
2461 2072 2795 2135 stillaverit
2851 2073 2915 2135 in
2972 2073 3255 2137 tabulam
3312 2095 3456 2158 quae

1957 2178 2143 2234 terrae
2179 2171 2479 2244 adhaeret,
2511 2170 2727 2253 lingua
2766 2171 3104 2247 lambetur,
3136 2181 3201 2236 et
3238 2173 3457 2236 tabula

1959 2270 2255 2348 radetur3
2296 2270 2350 2332 si
2394 2287 2523 2332 non
2566 2269 2760 2333 fuerit
2797 2270 3036 2345 tabula,
3077 2279 3246 2334 terra
3282 2272 3457 2335 rade·

1957 2375 2062 2428 tur
2099 2384 2175 2429 ac
2216 2366 2347 2448 igni
2396 2366 2828 2442 comburetur,
2870 2376 2936 2431 et
2978 2368 3141 2431 cinis
3188 2369 3255 2431 in
3303 2370 3455 2432 alta-

1959 2465 2012 2526 ri
2053 2465 2398 2543 condetur3
2438 2472 2503 2527 et
2535 2465 2826 2528 sacerdos
2866 2467 3281 2549 quadraginta
3319 2467 3455 2532 dies

1959 2562 2285 2644 poeniteat.
2321 2563 2382 2626 Si
2423 2571 2635 2625 autem
2670 2583 2865 2647 super
2892 2565 3089 2628 altare
3119 2565 3456 2630 stillaverit

1959 2661 2145 2735 calix,
2178 2661 2469 2724 minister
2496 2661 2746 2724 sorbeat
2776 2663 3033 2735 stillam,
3066 2673 3131 2727 et
3160 2673 3286 2728 tres
3316 2665 3453 2729 dies

1960 2759 2281 2841 poeniteat.
2316 2759 2378 2822 Si
2421 2767 2635 2821 autem
2674 2779 2867 2848 super
2906 2761 3173 2825 linteum
3212 2763 3449 2838 altariS,

1959 2867 2022 2920 et
2056 2858 2134 2920 ad
2175 2857 2349 2921 aliud
2390 2857 2561 2920 stilla
2600 2859 2984 2940 pervenerit,
3016 2869 3289 2943 quatuor
3322 2863 3453 2926 die-

1960 2955 2078 3018 bus
2119 2956 2459 3038 poeniteat3
2500 2956 2553 3019 si
2592 2965 2805 3020 autem
2846 2977 3049 3040 usque
3081 2961 3161 3022 ad
3191 2961 3451 3024 tertium

339 3074 378 3117 a
423 3075 494 3118 se
544 3075 666 3138 per
712 3054 1392 3117 excommunicationis
1438 3053 1842 3131 sententiam,
1878 3060 1922 3123 C
1960 3055 2251 3131 linteum,
2280 3073 2512 3118 novem
2541 3056 2769 3119 diebus
2800 3057 3135 3140 poeniteat3
3166 3058 3219 3121 si
3250 3079 3453 3144 usque

339 3163 532 3238 atque
573 3154 848 3217 ulterius
887 3153 1194 3235 relinquit
1229 3172 1378 3216 eum
1421 3153 1706 3217 saeculari
1743 3153 1844 3235 ju-

339 3254 510 3317 dicio
558 3251 943 3315 tradendum
991 3252 1070 3313 ad
1119 3260 1410 3315 mortem.
1457 3252 1560 3314 Ait
1605 3252 1845 3335 quippe

342 3352 773 3434 Hieronymus
808 3366 822 3411 ε
863 3349 1160 3413 Secandae
1203 3357 1353 3412 sunt
1395 3349 1666 3433 putridae
1712 3369 1844 3413 car-

341 3468 478 3524 nes,
511 3457 580 3512 et
609 3446 899 3510 scabiosa
937 3448 1074 3511 ovis
1104 3468 1143 3511 a
1171 3448 1371 3511 caulis
1409 3455 1508 3511 est
1538 3449 1847 3530 repellen-

341 3548 440 3621 da,
453 3566 539 3610 ne
562 3553 697 3609 tota
724 3546 950 3609 domus
981 3554 1046 3608 et
1073 3564 1277 3609 massa
1303 3545 1646 3609 inficiatur.
1663 3546 1846 3609 Arius

343 3665 474 3707 una
511 3644 795 3708 scintilla
832 3643 958 3706 suit
995 3642 1061 3706 in
1101 3643 1502 3719 Alexandria,
1537 3645 1648 3707 sed
1691 3664 1843 3727 quo-

342 3744 518 3806 niam
550 3741 765 3805 statim
795 3742 1064 3806 obrutus
1094 3760 1220 3806 non
1249 3742 1366 3816 e'st,
1387 3749 1593 3806 totum
1620 3742 1843 3806 orbem

339 3840 613 3903 flamma
653 3840 796 3921 ejus
843 3839 1226 3923 depopulata
1266 3848 1380 3903 est.
1424 3840 1858 3923 Exstirpanda

340 3957 496 4020 ergo
537 3946 692 4001 sunt
727 3938 987 4012 zizania,
1019 3939 1174 4001 dum
1213 3940 1352 4001 sine
1391 3938 1842 4022 exstirpatione

341 4036 540 4100 tritici
586 4036 732 4100 lieri
775 4044 1000 4119 potest.
1034 4038 1178 4100 Haec
1220 4037 1286 4098 in
1331 4036 1610 4100 Summa.

205 4167 242 4199 u.
301 4188 312 4199 .
418 4136 531 4198 Ait
577 4153 832 4217 quoque
877 4134 1414 4197 Antisiodorensis
1468 4134 1533 4197 in
1581 4136 1843 4198 Summa

227 4249 240 4261 ·
339 4254 480 4307 sua,
503 4233 820 4297 haereticis
853 4232 1142 4295 litteratis
1168 4231 1308 4314 (qui
1339 4232 1721 4315 quandoque
1751 4233 1844 4296 fu-
1875 4238 1924 4300 D
1954 4234 2037 4295 tis
2082 4253 2273 4297 causa
2314 4235 2653 4309 vomuerit,
2684 4243 2929 4317 septem
2975 4236 3199 4300 diebus
3248 4240 3449 4321 poeni-

339 4341 532 4395 erunt
565 4331 891 4411 catholici)
925 4349 1052 4394 non
1089 4350 1228 4394 esse
1264 4331 1654 4394 audientiam
1693 4332 1843 4395 dan-

342 4432 492 4493 dam
535 4450 550 4493 :
598 4430 726 4493 imo
773 4429 1087 4493 tollendos
1134 4448 1274 4492 esse
1321 4429 1401 4491 de
1445 4429 1676 4505 medio,
1719 4431 1843 4493 nisi

341 4529 728 4612 simpliciter
785 4528 1181 4611 resipiscant,
1241 4547 1322 4590 ne
1381 4536 1444 4591 et
1499 4529 1657 4592 alios
1710 4529 1842 4592 suis

344 4626 868 4711 persuasionibus
899 4626 1324 4709 versutiisque
1355 4626 1679 4707 inficiant3
1696 4628 1845 4689 sim-

343 4728 548 4809 plices
589 4742 741 4790 vero
783 4726 1040 4788 aliunde
1079 4726 1399 4807 deceptOS,
1433 4725 1536 4808 pie
1575 4744 1715 4789 esse
1749 4726 1842 4788 in-

341 4826 714 4890 formandos
755 4843 830 4887 ac
871 4824 1276 4887 revocandos.

423 5024 570 5087 Haec
597 5022 772 5085 circa
807 5020 993 5083 istam
1019 5020 1496 5085 distinctionem
1538 5021 1840 5086 sufficere

345 5129 637 5204 possent3
670 5138 844 5182 nunc
875 5126 1088 5183 tamen
1124 5119 1340 5202 aliqua
1375 5128 1523 5183 sunt
1554 5120 1842 5185 addenda

345 5220 413 5282 in
456 5219 592 5281 fine
635 5218 834 5299 hujus
877 5217 1120 5283 ultimae
1163 5219 1590 5283 distinctionis
1627 5220 1706 5284 de
1745 5239 1842 5283 sa-

344 5324 675 5380 cramento
737 5315 1172 5391 Eucharistiae,
1235 5317 1480 5380 scilicet
1536 5318 1614 5381 de
1670 5317 1840 5382 defe-

1956 3154 2035 3216 ad
2076 3161 2397 3235 quartum,
2429 3154 2657 3236 viginti
2700 3155 2959 3236 diebus;
2990 3164 3055 3220 et
3084 3158 3453 3223 linteamina

1958 3272 2100 3334 quae
2158 3252 2326 3315 stilla
2385 3253 2682 3334 tetigerit,
2735 3255 2941 3318 tribus
2988 3256 3239 3320 vicibus
3287 3258 3453 3321 lavet

1959 3350 2247 3413 minister
2276 3350 2473 3413 calice
2504 3352 2730 3415 subtus
2760 3354 2983 3436 posim,
2999 3361 3063 3417 et
3090 3374 3253 3437 aqua
3279 3356 3457 3419 ablu·
3522 3340 3527 3344 ⁴

1958 3448 2151 3511 tionis
2190 3456 2480 3511 sumatur
2505 3469 2579 3512 ac
2605 3449 2788 3531 juxta
2825 3451 3022 3514 altare
3056 3454 3447 3517 recondatur.

1956 3547 2189 3609 Tutum
2236 3554 2333 3608 est
2369 3563 2625 3629 quoque
2668 3556 2742 3609 ut
2784 3568 2929 3631 pars
2978 3549 3157 3613 lintei
3200 3551 3451 3616 abscin-

1955 3644 2143 3706 datur
2170 3652 2235 3706 et
2262 3645 2773 3719 comburatur,et
2801 3646 2963 3709 cinis
2994 3648 3059 3710 in
3090 3649 3273 3712 altari
3302 3669 3449 3714 con—

1957 3743 2161 3805 datur.
2196 3743 2383 3806 Porro
2422 3742 2475 3805 si
2513 3743 2747 3825 aliquis
2787 3763 2903 3826 per
2931 3746 3301 3811 ebrietatem
3339 3760 3449 3813 aut

1955 3840 2365 3903 voracitatem
2414 3841 2874 3905 Eucharistiam
2918 3846 3255 3919 vomuerit,
3296 3865 3447 3928 qua-

1956 3938 2244 4020 draginta
2299 3938 2527 4001 diebus
2584 3939 2889 4021 poeniteat
2944 3942 2997 4004 si
3057 3941 3257 4006 laicus
3314 3953 3443 4024 est;

1957 4036 2172 4099 clerici
2222 4036 2324 4100 vel
2381 4038 2677 4101 monachi
2723 4038 2950 4102 diebus
3006 4042 3445 4124 septuaginta3

1955 4136 2297 4218 episcopus
2344 4136 2703 4217 nonaginta.
2748 4136 2810 4199 Si
2855 4146 3068 4201 autem
3110 4139 3449 4204 infirmita·

1953 4339 2098 4394 teat.
2152 4332 2383 4395 Dicunt
2429 4342 2643 4395 autem
2701 4334 2984 4416 quidam,
3035 4336 3204 4418 quod
3262 4356 3450 4419 poena

1953 4430 2225 4511 irrogata
2282 4431 2406 4493 fuit
2461 4438 2722 4515 propter
2767 4433 3079 4497 cautelam
3138 4442 3209 4497 ut
3252 4437 3449 4518 negli-

1953 4529 2166 4609 gentia
2204 4529 2405 4611 magis
2442 4530 2679 4593 vitetur
2713 4548 2728 4593 :
2772 4531 2915 4595 ideo
2951 4532 3447 4599 circumstantiis

1955 4627 2259 4709 pensatis,
2302 4636 2509 4710 potest
2548 4630 2751 4691 minui
2800 4648 2913 4693 seu
2958 4632 3105 4694 addi
3155 4633 3231 4695 ad
3280 4653 3441 4696 eam.

1952 4725 2175 4788 Tutius
2223 4734 2435 4789 tamen
2486 4734 2582 4789 est
2630 4735 2701 4789 ut
2747 4748 2936 4810 poena
2982 4739 3270 4794 servetur
3312 4734 3445 4814 jam

1953 4823 2141 4886 dicta.
2196 4824 2395 4887 Debet
2440 4843 2612 4898 vero,
2660 4833 2731 4886 ut
2776 4826 2975 4910 aliqui
3024 4828 3265 4905 dicunt,
3318 4832 3449 4894 illis

1952 4921 2179 4985 diebus
2220 4922 2533 5003 jejunare,
2575 4930 2639 4985 et
2679 4942 2716 4985 a
2759 4927 3209 4991 communione
3246 4948 3449 4993 cessa—

1952 5040 2038 5084 re.
2064 5020 2189 5084 Alii
2220 5020 2456 5095 dicunt,
2470 5022 2639 5103 quod
2669 5021 2769 5083 his
2800 5021 3027 5085 diebus
3056 5024 3448 5108 injungenda

1950 5128 2047 5183 est
2089 5119 2464 5203 poenitentia
2503 5119 2855 5195 arbitraria,
2898 5122 3177 5203 pensatis
3227 5127 3443 5189 condi-

1949 5218 2233 5282 tionibus
2275 5218 2511 5301 negotii
2554 5238 2628 5281 ac
2673 5236 2995 5301 personae3
3034 5228 3098 5283 et
3139 5222 3258 5285 hoc
3303 5244 3444 5307 pro-

1949 5317 2228 5381 babilius
2261 5316 2531 5380 videtur.
2565 5317 2707 5381 Haec
2740 5317 3011 5381 Thomas
3050 5320 3113 5382 in
3154 5320 3435 5387 Summa.

3489 911 3521 955 S
3550 926 3653 956 mm.
3673 912 3739 956 th.

3474 979 3517 1020 ³⁸
3548 981 3657 1082 pnng-
3692 990 3739 1031 q.
